2517 4231
41 142 143 222 769*
430 166 460 207 P
543 167 578 208 E
659 167 703 208 N
1555 160 1585 204 P
1664 161 1704 230 *E
1785 162 1819 203 R
2142 186 2220 226 770

42 259 83 286 lae
90 250 170 294 spark
182 244 276 293 suptus,
296 265 349 283 eam
362 256 408 282 vel
416 257 497 282 media
508 256 606 292 sumere
619 256 688 293 mff'
701 257 774 290 velit,
793 255 901 289 Bayffits.
1042 251 1064 292 q
1086 262 1100 281 2
1199 259 1215 280 Ρ
1226 258 1243 280 Ε
1256 258 1271 279 P
1284 258 1300 278 L
1311 258 1320 278 1
1334 257 1354 279 Ο
1367 258 1389 279 N
1401 275 1409 288 ‚
1428 251 1446 281 i.
1473 261 1500 280 n.
1537 252 1672 288 [uta-mu]
1709 251 1805 287 Herba,
1825 261 1888 288 quae
1900 257 1964 283 alia,
1978 260 2110 289 Portulaca
2124 265 2219 291 dia-mr

0 315 1 325 ἶ
42 294 155 356 gift-odai:
166 295 354 328 operimentum.
408 292 533 319 Penulam
547 293 652 320 abuliue
670 300 761 325 omne,
782 290 912 326 quidquid
927 290 1002 325 tegit,
1023 290 1101 318 nobi·
1160 289 1229 316 Plin.
1245 297 1286 321 ω,
1303 297 1342 314 20.

42 330 63 357 li
83 337 149 356 imos
163 333 264 355 veteres
278 327 442 361 transtulisse,
463 336 533 354 notat
550 329 625 356 Non.
639 331 664 361 6,
679 337 701 360 3.
739 326 812 360 Confi
826 326 934 353 Vitruu.
949 336 986 359 ιο,
1000 335 1031 353 12.
1070 328 1101 353 Et
1200 331 1214 351 Ρ
1225 330 1293 363 Εὶξι
1304 332 1323 350 υ
1336 330 1348 349 S
1358 343 1368 356 ‚
1402 325 1526 358 [πέπλοι]
1563 325 1646 360 inquit
1664 324 1732 352 Plin.
1750 333 1790 360 27,
1803 334 1827 352 12
1857 334 1937 360 quam
1957 328 2040 363 aliqui
2059 333 2156 366 sycen,
2175 336 2223 363 alii

44 365 117 392 Bald.
131 364 192 390 Lex.
209 370 234 399 p.
250 368 287 394 81·
358 364 456 390 Penula
474 365 611 390 vtebantur
618 363 731 398 sequiori
740 363 821 388 aetate
837 368 862 386 et
875 370 990 389 oratores.
1049 363 1101 390 An-
1162 361 1308 387 Meconion
1323 359 1454 393 aphrodes
1469 366 1574 395 vocant,
1594 369 1627 387 cx
1640 370 1692 387 vna
1706 361 1795 388 radice
1806 361 1881 388 tenui
1897 362 2020 397 fruticat,
2041 374 2084 393 etc.

0 421 1 427 ,
43 400 104 428 &or
121 399 219 433 dialog.
235 399 343 426 Orator.
357 408 398 434 39,
413 407 429 426 2.
460 400 595 433 Qtantum
617 397 775 426 humilitatis
795 404 915 432 putamus
934 398 1104 432 eloquentiae
1125 405 1138 431 ς
1199 402 1214 421 Ρ
1227 401 1243 435 r}
1258 400 1273 420 Ρ
1288 401 1303 420 ι.
1315 401 1334 419 v
1346 402 1380 434 s,
1395 395 1412 421 i.
1447 405 1483 424 m,
1519 397 1563 422 vel
1588 402 1604 422 Ρ
1618 402 1635 422 Ε
1646 405 1661 424 ι’
1672 403 1753 424 LVM
1764 418 1772 430 ‚
1799 397 1819 424 i.
1851 407 1877 424 n.
1915 398 2038 434 [vi-tuaac]
2077 403 2161 430 Vestis
2176 405 2225 432 sol-

43 435 154 462 atmliffe
167 434 274 469 penulas
289 435 359 468 istas,
377 434 475 469 quibus
489 435 624 470 adstriffl,
644 440 670 461 et
684 434 756 460 velut
771 432 874 467 incluli,
896 443 953 460 cum
970 433 1104 460 iudicibus
1163 430 1274 462 lcmmS,
1293 438 1360 463 quae
1374 431 1496 457 inlicitur
1509 431 1552 458 vel
1568 433 1629 459 viro
1643 433 1685 459 vel
1701 433 1832 467 feminae,
1852 433 1894 460 vel
1913 434 1964 460 deo
1982 434 2080 463 deacue
2107 439 2225 467 Seruius,

43 470 212 504 fabulamur?
279 470 465 504 Qiinfflliano
483 475 602 508 prodente
616 470 673 506 sola
689 476 746 505 toga
765 478 818 495 cum
832 470 918 495 tunica
931 470 985 506 vsvs
1000 476 1104 505 apparet
1163 466 1271 500 Pcplum
1284 467 1386 500 proprie
1399 466 1430 500 ‹st
1446 466 1514 492 Palla
1531 468 1599 502 pina
1608 469 1736 502 feminea,
1755 470 1889 496 Mineruae
1905 468 2046 505 consecrata
2055 482 2063 495 .·
2099 480 2128 497 vt
2145 474 2228 502 Plant.

0 528 1 533 ,
45 516 78 539 εκ
99 516 127 541 ιι,
141 514 164 538 3,
181 515 212 539 ¹3¹
228 506 282 540 sqq.
1164 502 1268 535 Fragm.
1284 509 1314 532 2,
1334 505 1361 532 38
1394 501 1540 536 Nunquam
1557 502 1589 529 ad
1609 504 1744 531 ciuitatem
1759 505 1857 538 venio,
1877 505 1925 532 nisi
1947 514 2029 541 quum
2048 506 2164 534 insertur
2184 517 2227 543 pe.

84 548 100 569 r
111 548 128 569 Ε
138 548 161 567 Ν
171 548 192 568 ν
203 548 220 568 1.
230 544 279 569 ᾸΤ
292 549 313 568 ν
325 549 338 570 s
347 563 355 576 ,
376 551 407 576 a,
423 551 478 569 um.
505 540 564 568 Adi.
602 540 644 574 [ἓν
656 538 777 575 mairiam]
815 541 911 566 Penuln
924 541 1010 567 telvm.
1046 539 1106 566 Cic.
1164 537 1248 572 plum,
1268 543 1350 569 nempe
1362 538 1655 573 quinquenniisfingulis
1668 541 1695 565 in
1702 540 1815 574 sollemni
1829 541 2090 569 Panathenaicorum.
2130 545 2169 569 De
2187 546 2230 570 hoc

45 587 96 614 pro
108 577 249 611 Milon>29
270 587 291 606 c.
307 587 335 605 ιο
356 579 426 605 Cum
439 585 523 605 vxore
535 574 676 603 veheretur
689 575 718 602 in
735 575 816 603 rheda
831 576 978 611 penulatus.
1035 577 1106 602 Mar·
1122 585 1150 602 ιο
1165 575 1242 599 etiam
1261 573 1371 598 Met-cat.
1393 573 1461 599 Prol.
1483 575 1516 600 6⁶
1558 575 1654 609 Neque
1673 576 1720 602 nifi
1739 577 1837 611 ,quinto
1856 585 1927 604 anno
1949 586 2057 613 quoque
2077 579 2150 614 poffe
2172 585 2231 608 tutu

30 613 101 641 45³1·
115 622 138 647 2,
151 622 179 647 57
199 612 264 640 Non
281 614 334 648 ipse
348 614 452 642 Codrus
466 612 542 646 alpha
555 611 752 646 penulatorum.
800 612 871 639 Idem
885 621 906 648 ς,
919 622 956 644 27.
1012 611 1105 638 Sidon.
1164 608 1250 634 visere
1265 607 1366 634 Vrbem
1384 614 1463 643 atque
1482 611 1615 644 extemplo
1635 611 1712 644 inde,
1731 619 1759 638 vt
1773 613 1934 647 spectauiffet
1954 615 2076 649 peplum,
2096 615 2150 641 Rus
2172 623 2232 642 rur-

45 649 125 684 Epist.
140 655 164 682 8,
179 651 196 675 6
222 649 363 677 censuales
375 648 502 685 penulati.
574 647 700 674 Martian.
718 647 850 682 Capella3
871 657 894 682 p.
910 657 941 680 49
970 649 1001 673 ele
1016 648 1106 672 Gram—
1167 645 1238 676 sum,
1259 649 1305 669 etc.
1365 644 1420 669 Vid.
1442 644 1538 678 Mem-s.
1562 647 1698 673 Panathen.
1717 657 1737 673 c.
1752 657 1781 681 17
1792 648 1833 683 sq.
1891 649 2012 677 Tertull.
2031 650 2063 677 de
2082 651 2145 678 Pan.
2166 660 2188 678 c.
2203 658 2232 684 4.

45 685 151 718 mutim,
173 685 249 718 Quae
263 686 373 718 femina,
393 684 454 711 licet
468 684 496 709 in
511 682 613 716 Attica,
634 683 680 710 vbi
696 685 796 710 maiore
810 683 869 710 aeui
883 689 956 717 parte
970 683 1106 715 floruerat,
1168 679 1266 713 Consul.
1279 680 1314 704 acl
1326 679 1431 705 Petron.
1451 689 1472 705 c.
1488 689 1533 711 ¹¹4·
1572 682 1698 715 Spanhem.
1713 686 1749 708 ad
1764 685 1810 711 lul.
1825 684 1892 719 Caes.
1907 693 1934 721 p.
1946 689 1992 718 461
2006 686 2061 720 seq,
2133 686 2233 714 fluens

45 720 72 748 se
85 720 205 747 assereret
218 721 340 748 incedere
353 719 502 756 palliatam,
521 725 607 745 tamen
620 720 674 746 ritu
689 719 823 746 Romuleo
836 734 882 738 —
895 719 1012 744 senatum
1026 717 1106 744 defun
1167 716 1258 751 peplus
1285 714 1377 740 Claud.
1392 714 1424 739 de
1440 715 1522 748 Nupt.
1538 716 1611 742 Hon.
1632 725 1676 748 ¹23·
1748 719 1825 753 Virg.
1839 722 1905 747 Aen.
1920 730 1938 754 ι,
1953 730 2000 755 479
2029 721 2160 750 Crinibus
2172 722 2234 750 Ilia·

44 756 158 791 ingressa
177 756 212 783 est
227 757 354 792 penulata.
429 756 521 790 Nempe
536 755 763 781 Grammaticorum
779 755 901 790 gestamen
920 755 1011 788 penula
1031 755 1107 778 etiam
1125 762 1148 788 ¹3
1168 751 1212 777 des
1225 750 1295 785 pallis
1311 750 1469 785 peplumque
1483 751 1613 777 terebant.
1686 753 1738 778 Hoc
1751 764 1763 779 e
1777 756 1857 780 varri
1875 757 1942 782 ritu:
1962 760 2060 793 magnis
2076 758 2141 784 enim
2153 759 2181 784 in
2190 765 2234 794 pe.

46 792 185 827 Augustini
199 800 272 825 aeuo,
290 792 335 826 qni
345 788 458 818 Confert
474 800 492 823 ι,
513 810 520 817 .
543 811 549 816 .
588 791 657 824 Qus
671 797 758 817 antem
772 789 959 824 penulatorum
971 789 1108 822 magistro·
1169 786 1259 812 riculis
1273 787 1327 811 deos
1341 794 1468 820 precantes
1484 795 1508 811 et
1521 787 1687 822 obsecrantes,
1710 798 1838 824 eorumque
1851 792 1928 825 fidem
1947 801 1969 818 et
1987 801 2051 829 opem
2064 794 2235 829 implorantes,

47 837 107 856 rum
120 826 208 854 audiat
221 836 284 853 aure
297 826 383 854 sobria
398 835 431 854 cx
442 826 538 854 eodem
554 827 665 862 puluere
677 826 816 853 hominem
831 824 997 857 clamantem,
1017 825 1111 859 Finge·
1168 824 1243 848 etiam
1263 821 1368 857 vestibus
1388 822 1525 861 ornabant,
1552 822 1591 847 illo
1612 823 1679 848 cultu
1694 824 1810 855 fauorem
1831 827 1941 853 numinis
1960 838 2038 855 emere
2052 830 2080 863 se
2101 831 2235 856 credentes.

47 863 91 890 bat
106 862 168 889 haec
181 863 325 895 Homcrm,
344 870 391 889 erc.
1170 858 1280 893 Peplum
1293 858 1373 892 igitur
1391 857 1515 883 Tromme
1528 859 1642 884 mulieres
1655 859 1755 892 ferunt,
1774 867 1804 886 vt
1818 870 1844 886 ea
1856 861 1920 896 veste
1933 865 2067 890 Mineruae
2074 863 2237 900 simulacrum

31 922 35 927 ,
86 904 190 925 PENV
201 904 218 924 ι.
230 905 252 925 Α
265 905 302 925 RI
312 904 383 931 VM,
406 898 426 925 i.
458 907 485 924 n.
522 896 719 932 [φκιγσλοθῆκη]
760 895 837 929 Quafl
856 894 951 921 Theca
971 900 998 921 et
1015 893 1111 928 vagina
1170 895 1287 925 induant,
1306 900 1330 918 et
1343 894 1412 917 ..leam
1424 899 1441 927 p
1458 893 1560 927 ..pisiam
1573 895 1687 921 habeant.
1743 895 1799 922 Vid.
1813 897 1915 922 Homeri
1929 901 2099 933 interpretem.
2158 901 2237 936 Virg.

34 933 171 972 '··penulae‚
189 941 219 959 vt
231 935 412 969 Interpretatur
431 934 506 961 Non.
521 944 543 965 a,
557 937 608 964 6¹8-
665 933 809 966 Laudatque
821 931 896 958 Non.
912 931 1017 958 Fullon.
1045 931 1111 957 Non
1127 945 1158 962 20
1171 930 1230 956 Cir.
1251 939 1276 955 v.
1291 938 1315 956 21
1336 929 1406 963 seqq.
1438 938 1490 953 cum
1511 937 1559 955 ποῖ.
1582 929 1674 961 scalig,
1748 931 1846 958 Iunoni
1871 934 1977 967 peplum
2001 935 2087 961 fertur
2116 943 2155 972 ap.
2174 937 2238 964 Stat.

32 969 34 971 ’
49 970 133 999 multo
150 969 208 1004 post
221 970 346 997 sonoram
364 970 480 1005 accepit,
499 969 620 1002 absedet‚
639 967 810 1002 consequitur
829 967 1015 1001 pennlarimn,
1035 965 1112 1001 plilo-
1170 965 1264 1005 Theb.
1283 974 1319 998 ιο,
1333 969 1369 1003 5‘1.
1388 999 1393 1004 .
1427 964 1503 992 Conf.
1520 965 1556 989 ibi
1569 960 1705 1005 Schol'iast.
1725 967 1769 1000 qui
1781 967 1835 999 ait,
1856 968 1961 1003 replum
1981 970 2018 996 est
2034 971 2113 998 vestis
2127 973 2240 1000 candida

49 1010 117 1035 mim
131 1005 207 1039 petit.
279 1007 392 1043 Qidam
403 1007 505 1042 legunt,
529 1005 596 1032 Non
616 1002 703 1030 multo
720 1002 778 1039 post
791 1002 917 1029 zonulam
931 1003 1046 1038 accepit,
1066 1001 1111 1028 ab·
1172 1010 1258 1028 aureis
1273 1000 1354 1026 clauis
1368 998 1449 1034 pidia,
1468 1000 1520 1027 sine
1535 1001 1655 1034 manicis,
1672 1001 1745 1036 quod
1760 1001 1900 1030 limulacris
1914 1003 2003 1038 fiebat,
2021 1014 2066 1033 etc.
2123 1009 2240 1044 Meraph.

41 1040 134 1073 stedit,
153 1048 197 1067 etc.
346 1064 347 1067 Ἴ
1064 1043 1075 1050 ²
1157 1044 1159 1046 ’
1172 1036 1334 1064 Sammonic.
1355 1044 1396 1062 2:¹2
1428 1035 1454 1062 Si
1469 1045 1536 1063 vero
1549 1036 1716 1064 horrendum
1729 1037 1828 1066 ducunt
1841 1040 2005 1074 glaucomata
2018 1042 2142 1077 peplum,
2166 1045 2186 1072 i.
2198 1053 2240 1071 ve.

85 1084 101 1105 Ρ
113 1083 130 1104 E
139 1083 162 1103 N
173 1083 193 1102 v
202 1083 218 1103 1.
229 1083 247 1104 Ε
256 1083 278 1103 V
291 1083 305 1104 s
335 1084 360 1104 et
385 1084 460 1105 PEN
470 1083 494 1102 v
506 1083 523 1103 ι
535 1081 583 1103 AR
594 1081 604 1102 1
614 1081 636 1101 v
647 1081 676 1109 s,
707 1083 737 1106 a,
761 1083 817 1101 um.
856 1074 916 1101 Adi.
974 1074 1113 1101 Parauerat
1172 1075 1222 1099 lum
1238 1074 1358 1098 obducunt
1370 1070 1446 1111 visui.
1482 1074 1528 1099 Al.
1550 1072 1698 1107 plumbum.

43 1113 122 1146 stne,
138 1112 247 1148 penulas
264 1113 365 1148 populo
383 1113 446 1140 dare
465 1112 493 1139 in
512 1111 645 1138 honorem
665 1111 714 1138 filii
736 1110 777 1137 sui
797 1126 843 1131 —-
863 1111 992 1141 asserens,
1015 1110 1113 1136 melius
1129 1117 1158 1143 ες
1214 1114 1312 1135 ΡιῑΡο
1325 1127 1334 1140 ,
1355 1107 1425 1147 bnis.
1460 1117 1496 1134 m.
1529 1108 1644 1142 [πέπων]
1681 1109 1748 1136 Plin.
1768 1119 1818 1144 20,
1837 1120 1850 1137 2
1878 1112 2013 1147 pepones,
2034 1114 2080 1147 qui
2100 1120 2241 1149 vocantur,

27 1174 31 1178 ,
47 1148 135 1176 filium
154 1150 230 1176 suum
245 1150 376 1175 Penuleum
394 1148 435 1175 vel
452 1149 613 1174 Penul.·riu›n
632 1146 791 1179 dicendum,
812 1155 890 1181 quam
908 1145 1058 1172 Caracallus
1079 1149 1113 1178 (a
1173 1145 1334 1179 refrigerant
1348 1151 1464 1170 maxime
1478 1144 1506 1170 in
1520 1144 1598 1179 cibo,
1618 1152 1643 1171 et
1656 1144 1800 1173 emolliunt
1812 1147 1913 1174 aluum.
1987 1149 2057 1176 Caro
2077 1159 2171 1177 eorum
2188 1151 2244 1186 epi.

46 1184 188 1221 vestimenti
196 1187 305 1219 genere)
323 1185 382 1212 essct
395 1184 482 1212 dietus
495 1182 632 1212 Baffianus.
658 1182 795 1217 Lamprid.
811 1182 838 1209 in
854 1185 913 1209 Ant.
923 1181 1047 1209 Diadum.
1063 1191 1114 1208 c.2.
1174 1180 1267 1215 phoris
1282 1179 1441 1211 oculorum,
1458 1187 1503 1206 aut
1519 1180 1661 1208 doloribus
1680 1181 1840 1216 imponitur.
1896 1184 2021 1210 HaHenus
2045 1186 2112 1213 Plin.
2168 1185 2242 1220 Cunfi

86 1226 126 1248 PE
137 1226 160 1247 N
171 1228 191 1247 v
202 1226 251 1248 LT
264 1219 308 1247 i‘M
318 1227 378 1255 VS,
402 1229 432 1256 a,
450 1229 504 1247 um.
541 1218 601 1245 Adi.
658 1219 741 1256 Qafi
752 1220 820 1244 dicas
834 1227 915 1253 paene
929 1219 1054 1250 vinnius,
1075 1218 1114 1243 vl-
1174 1217 1248 1244 Idem
1267 1225 1304 1249 19,
1318 1225 1340 1246 5.
1379 1216 1516 1257 Peponum
1533 1217 1614 1256 mulsa
1630 1216 1692 1251 sunt
1705 1226 1818 1252 genera,
1837 1219 1867 1244 ab
1886 1220 1990 1254 ips-ruat
2004 1220 2094 1256 sapore
2112 1229 2135 1247 et
2147 1222 2243 1257 figuris

49 1257 234 1291 timui-‘praeter
245 1265 330 1284 vnum.
406 1258 490 1282 Vtitur
508 1255 578 1282 Gell.
592 1266 616 1289 4,
629 1264 652 1289 7.
725 1255 824 1281 Auson.
838 1254 891 1282 Ecl.
903 1254 935 1281 de
948 1254 1072 1281 Kalendis
1093 1263 1115 1286 ¹3
1172 1260 1262 1288 petita.
1336 1252 1386 1277 Per
1407 1252 1540 1278 vonuscium
1558 1257 1712 1287 vnn-patur,
1747 1260 1778 1278 vt
1798 1256 1866 1290 apud
1877 1255 1998 1282 Tertull.
2016 1256 2047 1282 de
2061 1257 2156 1283 Anima
2178 1266 2200 1283 c.
2216 1267 2243 1289 3²

45 1292 107 1320 Post
119 1301 185 1327 quos
201 1291 346 1325 penultima
364 1299 432 1319 meta
446 1291 614 1319 Nouember.
1127 1301 1160 1326 30
1177 1290 1247 1322 Pcpo
1265 1294 1319 1314 tam
1339 1286 1460 1314 insulsus.
1558 1288 1632 1316 Idem
1651 1297 1710 1315 asna.
1722 1289 1806 1316 Marc.
1819 1298 1848 1324 4,
1859 1299 1897 1324 40
1922 1291 2056 1326 peponem
2073 1292 2163 1319 cordis
2183 1293 2244 1320 1000

33 1325 36 1329 ’
83 1335 126 1355 1³13
138 1333 282 1361 svam,
301 1329 355 1355 vid.
381 1336 395 1355 r
408 1335 486 1356 ENV
498 1335 523 1355 s.
1175 1324 1290 1357 habere,
1317 1324 1334 1350 i.
1357 1324 1486 1358 Stupidum
1500 1321 1554 1358 gffi,

83 1371 100 1392 Ρ
109 1370 125 1391 Ε
135 1370 158 1390 N
168 1369 188 1388 v
198 1370 211 1390 s
221 1384 229 1397 ,
254 1364 273 1391 i.
309 1365 353 1390 vel
377 1373 392 1392 1²
401 1371 417 1392 Ε
427 1371 450 1390 N
459 1371 479 1389 V
489 1370 502 1390 S
511 1384 519 1396 ‚
544 1361 583 1390 ὓς.
612 1372 649 1390 m.
668 1363 712 1389 vel
730 1362 750 1389 f.
785 1364 915 1397 [rami-av,
938 1363 1035 1397 βίοτος]
1072 1360 1115 1388 Est
1213 1366 1230 1386 Ρ
1242 1366 1258 1386 E
1267 1368 1282 1387 Ρ
1291 1366 1303 1386 s
1314 1367 1322 1385 1
1332 1365 1345 1385 S
1354 1380 1362 1392 ‚
1381 1360 1413 1386 is.
1434 1358 1455 1386 f.
1476 1359 1586 1395 [πὲῲις]
1620 1359 1712 1400 Latine
1726 1360 1850 1400 Concqft'io
1863 1362 1959 1388 dicitur
1975 1363 2084 1397 Gell.13‚
2098 1372 2138 1397 29·
2179 1364 2247 1390 Vnde

49 1408 139 1433 omne,
158 1407 212 1433 quo
226 1401 366 1426 vescuntur
379 1401 503 1428 homines
523 1400 580 1426 Cic.
595 1399 627 1425 dc
643 1399 706 1426 Nat.
722 1399 754 1426 D.
768 1408 781 1425 2
800 1408 822 1426 c.
838 1407 875 1432 27.
948 1398 1032 1425 Lucil.
1058 1398 1114 1424 Ma·
1214 1402 1231 1422 Ρ
1243 1402 1260 1422 Ε
1274 1403 1288 1422 Ρ
1302 1402 1324 1422 T
1337 1402 1345 1421 1
1359 1401 1375 1421 C
1385 1402 1406 1420 v
1416 1401 1445 1428 s,
1460 1403 1490 1429 a,
1511 1404 1565 1422 um.
1603 1395 1664 1422 Adi.
1700 1396 1854 1424 Medicinae
1865 1398 1993 1433 pepticae‚
2013 1400 2198 1425 Medicamenta
2211 1400 2249 1425 ad

49 1444 101 1472 gna
115 1443 197 1471 penus
214 1444 298 1470 paruo
311 1436 394 1471 spatio
409 1437 545 1463 consumta
558 1436 674 1470 peribit,
693 1436 761 1470 apud
774 1435 848 1462 Non.
863 1444 883 1467 ς,
899 1444 948 1467 ¹74·
1022 1434 1117 1460 Gram-
1175 1432 1284 1458 concam.
1295 1440 1357 1463 nrm,
1378 1441 1442 1471 qnae·
1446 1431 1472 1463 f
1480 1431 1517 1471 ris
1530 1432 1697 1457 adhibentur.-
1715 1431 1766 1458 ἂπὲ
1780 1434 1813 1459 τίς·
1824 1437 1932 1467 πέττειν,
1950 1435 2006 1471 teste
2022 1437 2130 1462 Hermos.
2179 1435 2247 1472 Plin.

47 1472 161 1500 maticus
174 1478 236 1507 upu:
253 1472 321 1499 Gell.
335 1482 359 1506 4,
373 1482 380 1499 ι
407 1474 489 1498 Penus
504 1472 587 1498 variis
601 1470 745 1506 generibus
759 1470 861 1498 dietum
874 1476 900 1497 et
914 1470 989 1497 varie
1002 1469 1116 1496 declina·
1133 1478 1162 1505 35
1177 1477 1218 1498 20,
1236 1474 1257 1497 ¹8
1289 1466 1416 1500 Podagns
1435 1467 1553 1493 illinitur
1564 1476 1626 1494 cum
1640 1467 1708 1494 laete
1722 1469 1883 1495 mulierum:
1908 1469 1941 1496 sic
1960 1476 1987 1498 et
2000 1471 2075 1497 foliis
2094 1471 2152 1506 ipsis
2168 1477 2248 1497 vtun-

48 1513 106 1535 tum
120 1507 166 1534 est.
231 1507 301 1535 Nam
315 1514 340 1534 et
354 1509 397 1534 hoc
409 1515 495 1544 penus,
515 1515 541 1534 ct
555 1509 611 1533 haec
624 1514 710 1542 penus,
728 1513 754 1533 et
768 1508 841 1533 huius
852 1507 911 1541 peni
923 1514 948 1533 et
961 1506 1070 1542 pencris,
1090 1511 1117 1532 et
1175 1511 1229 1530 tur.
1303 1504 1369 1529 Item
1382 1502 1413 1528 ad
1431 1503 1515 1542 sacros
1529 1503 1619 1538 ignes,
1641 1509 1668 1530 et
1680 1505 1790 1530 vulnera
1805 1513 1837 1531 ex
1852 1512 1936 1532 aceto.
2029 1507 2084 1542 Ego
2102 1514 2189 1534 tamen
2204 1506 2248 1533 da-

45 1540 169 1581 <penitet-is
181 1548 206 1570 et
217 1544 334 1578 panaris,
355 1550 458 1571 veteres
479 1543 659 1570 didtauerunt.
731 1543 834 1569 'Deinde
850 1543 1020 1579 interi-agarus
1039 1552 1055 1567 a
1070 1541 1115 1567 Fa·
1176 1539 1325 1566 mnaueriin
1346 1539 1467 1578 col'yriis
1484 1538 1560 1565 addi:
1597 1539 1740 1575 multoque
1758 1541 1842 1575 magis
1847 1560 1858 1575 ,
1877 1550 1943 1577 quas
1962 1549 2061 1570 vocant
2077 1543 2248 1579 lexipyretas,

50 1580 149 1612 varino,
169 1579 242 1612 Quid
257 1580 287 1606 lit
297 1587 382 1615 penus,
400 1587 427 1607 et
439 1589 494 1615 qno
508 1580 580 1606 sensu
595 1579 622 1605 id
637 1577 798 1605 vocabulum
812 1577 934 1605 dicatur?
972 1577 1013 1604 Ille
1028 1579 1116 1609 Qiae-
1175 1584 1293 1611 quasque
1315 1582 1447 1610 pepticaS,
1471 1581 1497 1601 et
1516 1574 1655 1602 coeliacas.

50 1616 105 1648 ris,
123 1614 226 1649 inquit,
245 1624 301 1641 rem
315 1616 427 1642 minime
439 1615 588 1643 obscuram.
662 1614 729 1647 Quis
748 1613 815 1640 adeo
833 1613 939 1648 ignorat
952 1616 980 1640 P:
988 1623 1045 1639 num
1066 1613 1115 1639 effe

49 1651 155 1684 vinum,
175 1657 201 1677 et
214 1651 344 1684 triticum,
364 1658 389 1678 et
403 1652 509 1685 oleum,
527 1657 554 1678 et
568 1651 681 1681 lentem,
702 1656 728 1676 et
740 1650 846 1685 fabam,
866 1656 944 1684 atque
958 1648 1115 1677 huiusmodi
1127 1657 1166 1683 40
1598 1649 1622 1682 P
1695 1650 1724 1682 E
1797 1650 1829 1683 R

6 1703 12 1708 ·
50 1694 162 1714 caetera.
235 1686 365 1720 Etiamne,
386 1688 476 1721 inquit
491 1686 649 1717 Fauorinus,
669 1686 785 1717 milium,
799 1693 825 1711 et
840 1687 974 1719 panicum,
994 1693 1019 1712 et
1033 1685 1116 1719 glans,

50 1729 78 1750 et
92 1721 215 1755 ordeum,
231 1731 312 1757 penus
325 1723 380 1749 est?
418 1724 540 1757 Cumque
556 1722 602 1748 ille
616 1720 730 1748 reticens
744 1720 881 1747 haereret:
911 1722 998 1750 Nolo,
1018 1720 1117 1754 inquit,
1220 1724 1236 1746 Ρ
1249 1724 1305 1745 ER.
1343 1719 1435 1753 Praep.
1472 1717 1546 1752 [διᾶ,
1572 1718 1634 1753 ἀγὲ]
1671 1719 1824 1751 accusativo
1845 1720 1977 1756 iungitur,
2002 1729 2027 1748 et
2041 1718 2157 1755 latiffi‘mi
2182 1721 2251 1756 vfits,

6 1756 9 1760 ’
51 1757 104 1786 hoc
117 1758 170 1786 iam
185 1757 306 1791 labores,
324 1767 356 1784 an
372 1759 428 1792 ista,
448 1767 515 1793 quae
528 1757 595 1790 dixi,
613 1763 688 1790 penus
701 1755 876 1790 appellentur.
949 1756 997 1782 Sed
1009 1762 1118 1790 potesne
1171 1754 1303 1789 fignificat
1318 1763 1387 1779 omne
1394 1763 1474 1788 genus
1487 1754 1631 1789 musarum,
1652 1762 1678 1780 et
1691 1756 1783 1788 medii,
1800 1756 1928 1790 modique:
1964 1757 2059 1791 vixque
2075 1756 2152 1791 pmst
2164 1759 2252 1790 aliter,

44 1793 132 1826 anibi,
151 1802 204 1819 non
219 1792 330 1827 speciem
343 1793 458 1826 aliquam
473 1792 505 1819 de
518 1800 586 1826 penu
601 1791 704 1823 dicere,
724 1790 767 1817 sed
782 1790 896 1817 definire
908 1800 1005 1824 genere
1017 1798 1116 1826 propo-
1179 1799 1251 1824 quam
1266 1791 1430 1824 exemplorum
1445 1790 1605 1815 multitudine
1619 1791 1756 1816 declarari.
1829 1790 1900 1817 Ter.
1910 1791 1983 1818 Prol.
1993 1793 2059 1819 Eun.
2074 1801 2104 1825 39
2125 1792 2191 1819 Falli
2205 1800 2253 1827 per

44 1825 116 1861 ³510,
134 1833 160 1853 et
171 1827 330 1855 differentiis
344 1827 466 1862 appofitis
484 1826 549 1862 quid
565 1827 594 1853 fit
610 1826 705 1861 penus?
729 1841 776 1847 —-
795 1827 1007 1860 QScaeuolam,
1028 1825 1059 1852 ad
1073 1825 1117 1851 de·
1130 1835 1164 1861 45
1179 1827 1285 1852 seruum
1307 1825 1411 1858 senem,
1439 1825 1456 1851 ι’.
1475 1825 1636 1860 oper-aserai,
1648 1826 1704 1859 fiae
1716 1825 1827 1860 astruo,
1846 1836 1916 1861 quem
1930 1828 2030 1854 adhibet
2044 1829 2128 1863 filius.
2203 1829 2253 1856 Per

50 1862 248 1891 monstrandum
268 1872 366 1898 penum
387 1863 429 1889 his
449 1862 539 1890 verbis
558 1863 632 1889 vsum
652 1861 748 1898 audio,
784 1863 872 1889 Penus
885 1862 938 1895 est,
959 1861 1033 1897 quod
1048 1862 1118 1888 escu-
1179 1860 1346 1895 Amphoram
1360 1861 1420 1887 vini
1446 1859 1543 1887 Pallad.
1560 1860 1638 1888 Febr.
1657 1871 1691 1895 31,
1705 1870 1718 1887 2
1741 1861 1914 1899 dislrioutiue,
1933 1864 1960 1889 in
1972 1864 2092 1896 singulus
2109 1865 2252 1898 amphoras.

44 1896 152 1927 ‘lennnn
163 1904 208 1924 aut
221 1898 394 1933 poculentum
406 1898 451 1925 est.
524 1897 605 1932 Qod
620 1898 693 1925 enim
712 1897 792 1934 ipfius
812 1898 1026 1933 patrisfamilias,
1050 1897 1119 1924 eius-
1180 1898 1221 1923 Sir
1243 1898 1279 1924 Id.
1289 1897 1368 1923 Mart.
1384 1902 1408 1932 8,
1422 1906 1429 1922 ι
1457 1897 1540 1923 Binos
1556 1906 1603 1931 per
1617 1896 1783 1931 Amplioram
1799 1898 1902 1932 qualos.
1975 1893 2025 1926 Pei·
2039 1899 2133 1926 Cornu
2147 1899 2252 1934 aliquid

51 1938 104 1970 que
118 1933 246 1968 familiae,
261 1943 328 1970 quae
340 1935 440 1962 circum
454 1943 500 1962 eos
513 1941 557 1962 aut
571 1934 672 1961 liberos
687 1935 744 1961 eius
759 1934 805 1968 est,
822 1940 848 1961 et
861 1943 927 1968 opus
942 1944 997 1962 non
1020 1935 1119 1966 (Gran.
1180 1932 1325 1959 infundere
1347 1932 1480 1960 Columcl.
1494 1936 1519 1966 6,
1535 1941 1550 1959 2
1570 1933 1756 1969 instrumentum
1771 1941 1796 1959 et
1809 1935 1852 1959 via
1865 1935 2005 1961 indicatur.
2079 1935 2190 1962 Firmic.
2205 1945 2227 1966 5,
2237 1945 2253 1969 4

45 1977 95 2010 pro
107 1979 173 2003 non,
194 1973 256 2005 aegit
273 1973 387 2003 eorum)
408 1971 488 2004 facit,
506 1971 581 1997 causa
598 1977 718 2005 paratum
731 1970 783 2003 est,
803 1977 831 1997 vt
846 1971 951 1997 Mucius
964 1971 1015 2003 ait,
1036 1972 1119 1996 Penus
1179 1970 1266 1996 Erunt
1279 1969 1360 1995 etiam
1375 1968 1489 1994 duorum
1505 1975 1626 2002 patrum,
1647 1975 1691 1995 aut
1710 1968 1824 1995 duarum
1842 1968 1958 1995 matrum
1973 1970 2041 2005 filii,
2063 1972 2140 1998 vnius
2153 1972 2255 1998 scilicet

50 2005 139 2035 videri
152 2006 239 2033 debet.
310 2006 398 2040 Nam,
417 2015 484 2040 qnae
504 2007 537 2033 ad
555 2005 687 2032 edendum
701 2005 905 2041 bibendumque
919 2006 948 2033 in
963 2006 1019 2032 dies
1031 2005 1118 2039 fingu-
1133 2015 1165 2040 50
1181 2014 1229 2039 per
1243 2011 1379 2036 naturam,
1399 2004 1507 2029 alterius
1523 2013 1589 2030 vero
1602 2013 1651 2038 per
1666 2003 1801 2030 Accidens.
1876 2005 1950 2030 Mori
1968 2006 2126 2033 indicantur.
2201 2008 2252 2034 Pet

51 2042 92 2071 Ios
105 2042 211 2078 prandii
224 2047 268 2068 aut
287 2050 386 2069 coenae
401 2043 474 2068 causa
488 2048 630 2077 parantur,
649 2050 732 2076 penus
751 2050 806 2067 non
824 2042 897 2067 sunt:
917 2041 959 2067 sed
974 2050 1003 2066 ca
1017 2040 1119 2074 potius,
1179 2039 1360 2073 Adoptionem
1375 2044 1459 2072 pater,
1478 2039 1535 2073 Q?
1546 2048 1582 2064 me
1594 2039 1724 2073 achtptzfur't
1746 2039 1902 2073 PunAEpist.
1913 2048 1936 2074 ς,
1944 2046 1966 2073 8,
1976 2049 1997 2074 ς,
2075 2041 2167 2068 Tacit.
2179 2044 2250 2071 Ann.

52 2087 121 2114 quae
132 2077 243 2104 huiusce
256 2078 362 2110 generis
383 2078 479 2112 longae
497 2076 596 2103 vfionis
616 2076 700 2110 gratia
718 2076 915 2103 contrahuntur
928 2081 953 2102 et
969 2075 1119 2101 recondun-
1179 2084 1199 2105 t,
1214 2084 1224 2105 3
1253 2074 1408 2108 Adscirique
1422 2081 1469 2108 per
1484 2074 1664 2108 Adoptionem
1679 2073 1822 2101 aTiberio
1836 2074 1912 2102 iussit.
1985 2076 2055 2103 Ter.
2074 2078 2139 2104 Eun.
2156 2089 2173 2109 ς,
2190 2088 2212 2113 2,
2225 2087 2250 2112 33

49 2121 116 2147 tur,
134 2121 167 2139 ex
181 2122 230 2143 eo,
251 2112 325 2146 quod
338 2122 393 2139 non
405 2113 433 2139 in
446 2119 554 2146 promtu
569 2112 643 2144 sunt,
661 2111 705 2138 sed
718 2112 790 2137 intus
803 2117 829 2138 et
843 2111 949 2147 penitus
962 2111 1121 2144 habeantur,
1180 2109 1295 2137 Patriam
1308 2116 1334 2135 et
1346 2109 1415 2144 signa
1428 2117 1529 2135 caetera
1544 2118 1629 2144 neque
1644 2109 1750 2144 sciebat,
1770 2119 1857 2145 neque
1870 2120 1918 2145 per
1931 2112 2050 2138 Aetatem
2063 2113 2143 2139 etiam
2156 2121 2251 2148 potue-

73 2158 137 2176 enus
150 2148 222 2175 dieta
235 2147 303 2174 sunt.
376 2150 446 2174 Haec
458 2149 494 2174 ibi
513 2147 680 2180 Fauorinus,
699 2154 722 2173 et
739 2148 825 2182 plura.
880 2150 950 2174 Ada.
969 2147 1078 2181 leian.
1095 2148 1121 2172 in
1181 2154 1238 2178 rat,
1265 2147 1288 2172 h.
1301 2155 1320 2171 e.
1344 2146 1508 2180 impediente,
1529 2153 1553 2173 et
1569 2146 1736 2171 intercedente
1755 2148 1825 2172 velut
1845 2153 1934 2174 aetate.
2009 2149 2067 2175 Cic.
2082 2149 2154 2175 Fam.
2173 2159 2208 2183 12,
2223 2159 2250 2183 23

53 2159 117 2214 PFit.
133 2184 192 2219 Dig.
206 2182 238 2210 de
252 2183 323 2210 Penu
339 2183 431 2218 legata.
512 2184 596 2210 Penus
610 2182 727 2218 locuples
758 2183 826 2210 Pers.
839 2191 862 2218 3,
875 2192 914 2215 74.
1013 2183 1120 2209 struere
1138 2192 1166 2219 53
1181 2182 1292 2209 Nullam
1313 2189 1414 2216 partem
1434 2189 1480 2215 per
1496 2183 1614 2208 Aetatem
1634 2182 1711 2208 sanae
1733 2188 1759 2208 et
1779 2182 1864 2209 saluae
1882 2182 1996 2218 Reipub.
2009 2185 2111 2219 gustare
2131 2185 2250 2220 potuisti.

55 2229 155 2257 penum
175 2219 250 2255 Virg.
263 2221 328 2247 Aen.
343 2228 362 2254 1,
376 2225 434 2254 708.
507 2220 613 2246 Ornare
628 2228 736 2254 penum,
756 2220 810 2245 vid.
828 2225 875 2245 OF.
888 2226 910 2245 N
922 2225 952 2246 o.
1062 2216 1089 2281 ἶ)
1106 2227 1121 2245 2
1180 2219 1250 2244 ΑΜ.
1262 2218 1332 2244 Ter.
1348 2216 1458 2251 Adelph.
1474 2226 1495 2251 t,
1509 2226 1531 2249 2,
1545 2223 1582 2247 28.
1692 2218 1795 2244 Aetates
1813 2227 1862 2252 per
1882 2220 1978 2245 multas
1998 2221 2108 2247 fuerunt
2121 2222 2250 2248 antistites

55 2259 141 2286 Penus
153 2255 298 2283 vocabatur
311 2256 397 2282 Locus
411 2256 439 2282 in
455 2255 519 2282 aede
533 2255 624 2282 Vestae
644 2255 764 2283 intimus.
802 2255 910 2282 Festus:
969 2253 1067 2289 'regeri
1092 2263 1121 2280 us
1180 2254 1244 2280 sacri
1265 2253 1322 2279 eius
1342 2253 1375 2279 ab
1391 2253 1516 2279 Euandro
1529 2252 1621 2279 edo&i
1648 2252 1710 2280 Liu.
1726 2263 1743 2286 ι,
1760 2262 1777 2287 7
1796 2262 1860 2280 extr.
1936 2256 1984 2282 Per
1998 2257 2088 2283 Alium
2110 2257 2250 2284 ostendere

55 2295 154 2328 septus,
173 2291 220 2327 qui
232 2291 310 2318 certis
325 2291 418 2319 diebus
432 2292 502 2319 circa
515 2291 628 2318 Vestalia
643 2291 770 2326 aperitur.
835 2291 857 2318 Ii
873 2290 929 2317 dies
945 2290 1063 2325 religiosi
1077 2290 1121 2316 ha-
1180 2290 1251 2316 suam
1266 2290 1431 2321 sententiam,
1451 2289 1569 2315 Alterius
1580 2289 1732 2314 adminiculo
1756 2289 2020 2324 Ter.Heaut.r‚t‚7.
2094 2293 2144 2319 Per
2159 2294 2251 2321 Alium

57 2329 164 2356 bentur.
234 2329 447 2364 Hincfirmatur,
464 2330 529 2364 quod
545 2329 575 2354 de
588 2327 734 2363 etymologia
746 2328 816 2354 modo
829 2326 969 2363 disputauit
983 2328 1050 2362 apud
1064 2327 1121 2352 Gel-
1180 2326 1243 2353 dare
1263 2325 1336 2351 Idem
1352 2324 1407 2351 ibid
1428 2334 1447 2357 ς,
1460 2335 1478 2357 ι,
1486 2326 1521 2351 6ι,
1594 2324 1644 2350 Per
1657 2325 1748 2351 Alium
1762 2326 1912 2361 transigam,
1925 2327 2020 2354 recede
2033 2328 2066 2355 de
2079 2329 2171 2356 medio
2192 2330 2250 2357 Cic.

58 2365 124 2392 lium*
142 2363 288 2391 Fauorinus.
1133 2365 1169 2390 60
1181 2371 1230 2395 pro
1245 2362 1320 2387 Rosc.
1335 2362 1423 2387 Amer-
1439 2369 1477 2386 uz
1499 2369 1519 2386 c.
1535 2366 1571 2392 38.
1646 2361 1693 2387 Per
1708 2361 1837 2397 Ambages
1864 2363 1922 2390 Liu.
1941 2373 1964 2397 ς,
1985 2384 1992 2391 .
2013 2384 2020 2391 .
2041 2384 2049 2391 .
2123 2366 2174 2392 Per
2189 2367 2252 2392 Am-

96 2405 114 2435 r
126 2405 144 2426 Ε
155 2406 209 2425 NV
221 2405 235 2425 s
245 2420 254 2433 ,
275 2399 340 2427 aris.
369 2409 395 2427 n.
432 2401 507 2427 Idem.
563 2399 632 2426 Hor.
649 2397 728 2434 Epist.
742 2408 762 2430 ι,
776 2399 812 2431 16,
826 2407 854 2431 72
882 2399 1010 2424 Annonae
1030 2397 1122 2434 profit,
1180 2397 1259 2432 bages
1275 2397 1387 2431 fatigare
1401 2396 1518 2429 aliquem
1541 2395 1673 2429 Quinctil.
1687 2405 1710 2430 3,
1724 2406 1754 2424 11.
1826 2398 1853 2425 Si
1870 2399 1939 2426 mihi
1953 2409 2002 2434 per
2016 2399 2136 2428 eiusdem
2151 2401 2252 2428 Amici-

59 2440 146 2472 portet
161 2435 294 2462 frumenta
310 2444 453 2470 penusque.
562 2435 630 2462 Gell.
644 2445 668 2468 4,
684 2444 692 2461 ι
725 2434 759 2461 Ea
780 2434 833 2462 sola
853 2435 902 2461 effe
916 2435 1023 2469 penoris
1039 2440 1121 2470 putat.
1179 2434 1244 2460 tiam
1259 2433 1351 2460 licebit
1371 2433 1428 2459 Cic.
1444 2433 1516 2459 Fam.
1532 2441 1552 2464 1,
1567 2439 1587 2463 8.
1614 2433 1632 2459 i.
1647 2434 1675 2459 Si
1688 2442 1736 2459 nrn
1750 2434 1887 2460 intercedet
1898 2442 1921 2460 et
1934 2438 2031 2462 vetabit
2044 2440 2100 2463 iure
2113 2439 2252 2464 amicitiae.

59 2470 199 2505 Multiplex
227 2471 296 2498 Suet.
317 2472 384 2499 Ner.
409 2481 430 2500 c.
452 2481 481 2498 ιι.
590 2472 708 2502 Penora,
732 2469 816 2506 inquit
842 2471 930 2498 Festus
951 2470 1034 2497 Paulli
1069 2471 1121 2497 Res
1180 2470 1230 2497 Per
1246 2469 1400 2496 Amicitiam
1415 2475 1442 2495 et
1454 2469 1566 2503 gratiam
1580 2468 1724 2503 impetraui
1739 2479 1751 2496 a
1765 2476 1839 2505 patre
1854 2471 1939 2498 Plaut.
1954 2471 2015 2499 Mil.
2029 2481 2058 2505 4,
2072 2481 2096 2506 5,
2110 2482 2128 2500 ι.
2202 2473 2252 2500 Pet

61 2501 212 2535 necitlsariae
225 2507 257 2533 ad
277 2507 380 2534 vietum
396 2507 591 2542 quotidianum.
688 2506 749 2533 Col.
764 2515 798 2537 πρ,
813 2515 840 2540 4,
853 2515 864 2539 3
890 2507 977 2533 Rebus
994 2507 1121 2533 Venereis
1181 2508 1323 2533 Annonam
1338 2505 1393 2533 iam
1407 2513 1494 2532 caram
1508 2511 1584 2532 natus
1601 2505 1676 2531 Idem
1689 2505 1772 2534 Stich.
1788 2516 1805 2539 ι,
1822 2516 1848 2539 3,
1861 2514 1902 2539 εις.
1961 2508 2064 2543 Tempus
2079 2516 2157 2535 notat.
2211 2509 2253 2535 Sic

52 2540 78 2570 ’Ἡ
93 2542 175 2569 fuerit
187 2549 312 2578 operatus
332 2543 373 2570 vel
394 2545 437 2571 vir
453 2544 495 2570 vel
515 2544 615 2570 femina
625 2563 634 2576 ,
658 2542 755 2569 debere
768 2551 814 2569 eos
827 2543 937 2570 flumine
951 2550 995 2569 aut
1008 2542 1122 2577 perenni
1134 2546 1166 2578 65
1182 2542 1239 2569 Cic.
1256 2543 1335 2568 Verr.
1350 2551 1373 2574 5,
1389 2551 1409 2572 ει
1443 2542 1478 2568 Ac
1494 2549 1541 2576 per
1553 2549 1600 2567 eos
1612 2540 1684 2574 dies,
1705 2550 1787 2575 quum
1801 2542 1850 2568 iste
1863 2552 1923 2569 cum
1939 2542 2023 2578 pallio
2043 2553 2180 2579 purpureo
2190 2565 2198 2578 ‚
2216 2551 2253 2572 ta.

25 2599 29 2606 .
57 2585 143 2613 aqua,
163 2579 316 2619 priusquam
329 2587 431 2614 penora
446 2579 616 2614 contingant,
636 2578 719 2606 ablui.
739 2594 785 2599 —
804 2588 838 2606 ne
853 2579 899 2605 situ
918 2587 1018 2613 penora
1031 2587 1123 2605 muco·
1183 2578 1286 2612 latique
1300 2577 1390 2604 tunica
1405 2578 1557 2604 versaretur
1570 2577 1598 2603 in
1614 2577 1750 2604 conuiuiis
1764 2578 1960 2613 muliebribus,
1978 2589 2034 2606 non
2049 2580 2254 2608 offendebantur

57 2622 116 2641 rem
135 2615 301 2641 contrahant.
327 2630 373 2636 —
393 2624 452 2642 cum
472 2623 501 2641 ea
521 2624 561 2641 res
583 2615 694 2641 innoxia
713 2623 814 2650 penora
834 2615 988 2650 conseruet,
1007 2614 1055 2640 vbi
1068 2623 1123 2641 non
1182 2614 1307 2641 homines
1324 2614 1351 2640 in
1364 2622 1413 2647 eo,
1434 2621 1477 2640 etc.
1521 2615 1613 2648 Vulgus
1625 2614 1735 2646 diceret,
1757 2614 1921 2641 Durantibus
1934 2615 1977 2642 his
1990 2615 2094 2644 diebus.
2133 2633 2141 2645 s
2167 2617 2255 2651 Qiin.

50 2650 194 2684 innatent,
215 2651 256 2677 sed
270 2652 371 2686 semper
386 2650 435 2678 sint
447 2652 508 2679 iure
526 2651 666 2678 submersa.
739 2651 789 2677 Hic
807 2652 892 2687 itaque
913 2651 1014 2678 Penora
1028 2650 1124 2686 specia—
1183 2650 1240 2677 &is
1256 2660 1263 2676 ι
1278 2659 1400 2686 prooem.
1423 2649 1481 2676 Post
1496 2649 1663 2683 impetratam
1676 2649 1768 2677 studiis
1783 2652 1850 2678 meis
1862 2652 1991 2685 quietem,
2011 2661 2078 2686 quae
2091 2660 2140 2687 per
2153 2653 2254 2688 viginti

58 2686 173 2721 timsunt
187 2686 315 2721 Salgama,
329 2687 429 2720 friu‘hts
441 2688 523 2714 muria
538 2688 641 2717 conditi,
660 2694 706 2714 etc.
1184 2687 1275 2713 Annos
1289 2685 1445 2713 erudiendis
1461 2684 1606 2712 iuuenibus
1620 2684 1820 2721 impenderam,
1841 2694 1888 2715 ete.
1961 2689 2011 2715 Per
2025 2690 2116 2715 Annos
2130 2689 2253 2723 quinque

99 2727 117 2749 Ρ
127 2728 144 2749 E
157 2728 179 2747 Ν
189 2728 211 2747 v
221 2728 262 2754 M,
283 2722 302 2749 i.
327 2732 356 2751 n.
400 2725 475 2750 Idem.
522 2723 592 2750 Ter.
607 2723 673 2750 Eun.
687 2732 709 2754 2,
723 2732 744 2756 3,
758 2726 783 2753 ¹8
807 2723 899 2756 Quini
914 2721 943 2749 in
956 2722 1079 2749 cellulam
1092 2721 1124 2748 ad
1137 2731 1173 2760 70
1184 2730 1209 2749 et
1225 2722 1325 2757 viginti
1344 2722 1436 2748 Tacit.
1452 2721 1520 2748 Hist.
1541 2730 1569 2755 4.
1667 2723 1715 2749 Per
1729 2724 1832 2758 Aquam
1857 2721 1978 2750 Scribon.
1995 2733 2039 2755 ¹¹4-
2074 2723 2093 2751 i.
2109 2734 2162 2750 cum
2177 2734 2253 2759 aqua.

26 2750 31 2755 ’
59 2762 87 2786 te
107 2758 190 2792 patris
207 2766 305 2793 penum
325 2767 405 2785 omne
423 2759 598 2794 congerebam
625 2759 782 2786 clanculum.
857 2758 931 2792 Cunf.
951 2759 966 2783 h
987 2760 1006 2786 l.
1026 2759 1124 2785 Donat.
1184 2760 1234 2786 Per
1248 2758 1395 2786 Auaritiam
1409 2757 1512 2792 aliquid
1526 2763 1653 2793 appetere
1671 2758 1728 2785 Cic.
1737 2767 1786 2792 pro
1802 2759 1878 2786 Rosc.
1893 2759 1968 2786 Com.
1982 2767 2007 2785 21
2023 2768 2044 2786 c.
2059 2765 2082 2789 8.
2109 2759 2128 2786 i.
2140 2767 2254 2797 propter.

60 2794 198 2827 Afranius,
218 2794 319 2821 Penum
333 2793 426 2822 herile.
499 2795 664 2830 Plaut.Capt.
681 2805 708 2828 4,
721 2802 786 2829 4,12.
804 2794 910 2828 Dicam,
923 2800 951 2822 vt
963 2794 1012 2822 fibi
1026 2803 1124 2830 penum
1183 2796 1234 2822 Per
1247 2794 1412 2822 Beneficium
1425 2801 1451 2821 et
1464 2795 1577 2829 gratiam
1592 2794 1694 2828 aliquid
1708 2794 1844 2829 aliquibus
1860 2795 2005 2822 concedere
2033 2795 2073 2822 Id.
2087 2796 2165 2823 Verr.
2180 2806 2200 2829 ε,
2215 2804 2254 2830 191

58 2829 134 2857 aliud
149 2836 234 2858 ornet.
275 2831 330 2856 Vid.
345 2831 474 2865 Pompon.
488 2829 525 2858 l.2
543 2831 576 2857 D.
589 2830 621 2857 de
634 2831 737 2862 tritico,
758 2831 814 2858 vin.
1000 2835 1006 2842 '
1184 2840 1305 2867 tanquam
1323 2832 1466 2865 ‘Jeme-filiun..
1539 2831 1589 2857 Per
1603 2830 1752 2864 Caligincm
1770 2830 1962 2866 perstrinxerat
1977 2832 2062 2858 aciem
2077 2832 2161 2859 animi
2176 2832 2254 2859 Bruti

96 2873 113 2893 Ρ
125 2872 143 2893 E
152 2873 174 2893 N
185 2873 237 2894 VA
247 2872 265 2892 R
276 2873 286 2893 1
296 2872 317 2889 ’ν’
329 2871 342 2892 s
353 2887 362 2899 ‚
384 2874 414 2899 a,
426 2875 489 2899 um.
526 2866 586 2893 Adi.
640 2867 710 2893 Suet.
725 2870 791 2901 Aug.
812 2875 835 2893 c.
849 2868 864 2892 6
890 2866 976 2894 Locus
989 2866 1125 2902 permodi-
1185 2868 1251 2894 salus
1270 2868 1328 2895 Cic.
1343 2866 1460 2901 Philipp.
1476 2876 1508 2899 12,
1522 2877 1542 2899 3.
1616 2867 1664 2892 Per
1671 2866 1864 2893 Castimoniam
1875 2867 2002 2893 summam
2018 2868 2142 2896 virorum
2155 2877 2184 2895 ac
2196 2877 2254 2894 mu-

61 2911 121 2935 ως,
141 2908 168 2929 et
180 2902 262 2929 cellae
276 2902 418 2935 penuariae
434 2902 521 2929 instar.
594 2901 700 2937 leian.
720 2903 749 2929 in
769 2902 786 2929 l.
798 2912 810 2934 3
831 2903 845 2936 §
873 2902 926 2929 fiue
947 2903 980 2930 D.
1002 2903 1035 2929 de
1055 2912 1124 2937 penu
1141 2904 1293 2939 751ierutn‚
1313 2912 1380 2938 quae
1393 2903 1461 2929 sacra
1476 2902 1552 2935 fiunt,
1570 2911 1600 2928 ea
1614 2911 1660 2936 per
1669 2901 1788 2937 stuprum
1803 2910 1828 2929 ct
1841 2903 1972 2937 flagitium
1984 2903 2084 2930 violata
2100 2905 2158 2930 sunt
2177 2903 2252 2930 Idem

14 2951 16 2958 ·
60 2938 153 2973 legata.
225 2938 299 2965 Cella
325 2938 382 2967 Cic.
400 2938 433 2965 de
446 2938 550 2965 Sene&
570 2948 593 2966 c.
610 2940 644 2965 16.
717 2939 784 2966 Vasa
813 2938 920 2974 leian.
932 2939 961 2966 in
980 2939 998 2966 l.
1011 2948 1024 2973 3
1046 2939 1079 2966 D.
1093 2938 1125 2966 de
1185 2942 1264 2967 Verr.
1280 2951 1303 2972 ⁴,
1321 2949 1372 2966 102.
1447 2940 1495 2965 Per
1509 2938 1715 2964 Cauillationem
1730 2938 1760 2965 ad
1775 2938 1878 2973 aliquid
1892 2938 2003 2974 perduci
2022 2940 2081 2966 Liu.
2092 2946 2125 2974 58,
2140 2948 2165 2970 14
2184 2946 2251 2966 extr.

59 2982 122 3011 Pen-
137 2974 214 3005 legat,
230 2981 297 3001 extr.
1183 2978 1233 3003 Per
1245 2976 1366 3005 Causam,
1388 2976 1412 3001 h.
1420 2985 1439 3000 e.
1462 2976 1511 2999 Per
1525 2974 1712 3008 fimulatlonem,
1730 2972 1911 3008 thffimulando.
1968 2975 2029 3002 Liu.
2043 2985 2057 3002 2
2075 2976 2124 3001 Per
2139 2975 2251 3001 Causam

99 3016 116 3037 P
126 3016 277 3038 ENVARI
289 3016 309 3036 v
322 3016 335 3036 s
345 3032 353 3044 ‚
374 3010 392 3036 i.
421 3019 458 3037 m.
494 3012 614 3044 κελλᾶρισς
633 3010 714 3037 Gloss'.
730 3011 777 3037 Gr.
789 3010 847 3038 Lat.
1183 3012 1308 3040 renouati
1321 3010 1353 3037 ab
1369 3011 1467 3043 Aequis
1480 3009 1561 3042 belli,
1586 3010 1637 3036 lae.
1656 3012 1804 3037 Praetexta.
1876 3011 1927 3038 Per
1939 3012 2049 3039 Causam
2064 3011 2179 3044 aliquam
2193 3019 2252 3044 gra.

57 3056 59 3059 ⁴
96 3051 200 3074 PENA
214 3053 232 3074 R
242 3052 304 3074 ivs
315 3067 322 3079 ‚
343 3047 362 3073 i.
387 3055 423 3073 m.
459 3045 601 3080 [munior]
638 3054 668 3072 vt
686 3047 749 3082 legit
763 3047 866 3079 Festus3
886 3047 931 3073 vel
943 3055 972 3073 vt
990 3048 1079 3074 Varro
1092 3046 1124 3074 de
1183 3049 1248 3075 tiam
1264 3047 1377 3074 alicuius
1390 3046 1438 3072 libi
1453 3045 1598 3071 conciliare
1629 3046 1686 3072 Cic.
1699 3045 1732 3072 de
1744 3047 1815 3081 Lege
1828 3047 1923 3074 Manil.
1943 3057 1983 3080 70.
2056 3047 2106 3073 Per
2120 3046 2250 3073 Cinerem

62 3079 132 3109 L.[..
147 3093 172 3116 4,
186 3091 214 3115 33
239 3089 255 3110 Ρ
267 3088 284 3109 E
295 3089 318 3109 N
330 3089 352 3109 Α
364 3089 382 3108 R
394 3089 405 3108 1
417 3089 440 3109 Α
450 3103 458 3116 ,
477 3091 516 3109 ae.
543 3082 563 3109 f.
600 3089 630 3108 vt
641 3091 700 3108 vero
714 3083 773 3116 alii,
796 3089 812 3110 Ρ
822 3089 839 3110 Ε
850 3089 929 3110 NAR
941 3090 949 3109 l
963 3092 984 3110 v
994 3090 1019 3109 M
1029 3105 1036 3117 ‚
1059 3083 1076 3109 i.
1097 3092 1124 3109 n.
1139 3087 1171 3114 80
1183 3084 1294 3111 alicuius
1310 3083 1429 3114 mortui,
1449 3090 1496 3116 per
1511 3090 1608 3108 nomen
1623 3082 1831 3117 propinquitatis
1840 3104 1848 3115 ‚
1867 3092 1915 3118 per
1928 3082 2069 3116 coniugem
2088 3081 2167 3116 ipsius
2180 3089 2205 3108 et
2219 3081 2251 3108 li-

58 3115 139 3144 lacus
151 3119 194 3144 vbi
206 3128 305 3154 penus,
325 3119 354 3144 id
367 3118 399 3154 2st
410 3128 450 3144 res
464 3117 612 3152 mceffiriae
624 3120 660 3144 ad
673 3119 764 3144 vit‘lum
777 3119 948 3154 quotidianum
959 3122 1124 3156 pertinentes,
1183 3121 1263 3147 beros
1281 3119 1398 3153 aliquem
1413 3117 1568 3148 obsecrare,
1587 3124 1616 3144 vt
1629 3118 1774 3152 aliquando
1787 3118 1997 3144 misericordiam
2017 3118 2102 3153 capiat
2128 3118 2185 3145 Cic.
2200 3126 2250 3153 pro

65 3157 224 3187 ”postumum
266 3156 323 3181 Vid.
339 3154 427 3182 Festus
441 3153 534 3181 Paulli.
756 3152 761 3156 ”
1183 3156 1277 3189 Quint,
1293 3163 1337 3189 97,
1376 3155 1393 3181 i.
1414 3154 1451 3179 lvis
1466 3154 1535 3179 what
1549 3155 1738 3180 commemoratis
1751 3156 1898 3189 impetrare,
1911 3155 2021 3190 studere.
2095 3154 2145 3180 Per
2158 3153 2252 3181 Comi-

83 3221 89 3227 ·
103 3192 231 3217 PENAR
241 3197 319 3226 ivs,
339 3199 369 3224 a,
389 3199 445 3217 um.
471 3190 531 3218 Adi.
569 3189 794 3226 [ταμιενμοιτικδς]
828 3191 907 3227 Qotl
919 3192 955 3216 ad
964 3197 1051 3225 penum
1064 3197 1123 3226 per·
1184 3199 1263 3219 tatem
1283 3191 1375 3218 omnia
1391 3189 1550 3223 disperdidit
1575 3189 1657 3217 Plaut.
1672 3188 1755 3216 Trin.
1769 3200 1790 3222 2,
1804 3199 1827 3224 2,
1842 3198 1878 3221 54.
1956 3189 2007 3215 Per
2020 3189 2145 3223 Compita
2160 3195 2250 3217 manat

66 3229 140 3256 unct.
172 3231 212 3252 vt.
232 3227 342 3254 Penaria
356 3227 435 3257 cella;
459 3227 525 3253 idem
537 3227 604 3261 quid
615 3226 749 3253 Penas-ium
767 3227 835 3255 -Cic.
848 3229 925 3253 Verr.
941 3235 963 3257 2,
979 3234 991 3258 ς
1013 3235 1034 3253 c.
1049 3236 1068 3253 2.
1184 3237 1280 3254 rumor
1307 3227 1376 3253 Hor.
1387 3227 1471 3253 Serm.
1487 3235 1510 3258 ε,
1524 3229 1549 3257 6,
1564 3235 1602 3252 ςο.
1698 3227 1747 3252 Per
1759 3225 1884 3259 Compita
1899 3224 2070 3260 supplicatum
2092 3225 2153 3252 Liu.
2171 3235 2208 3259 27,
2222 3235 2249 3258 23

107 3264 123 3284 Ρ
136 3265 271 3289 ENATo
282 3269 300 3288 R
310 3269 365 3295 ES,
384 3272 440 3290 um·
460 3271 496 3290 m·
533 3262 589 3296 Qi
603 3270 686 3297 penus
701 3262 808 3297 gestant.
853 3263 921 3291 Cato
936 3262 992 3289 adu.
1008 3263 1044 3288 M.
1057 3261 1124 3288 Acil.
1141 3268 1170 3296 83
1183 3272 1247 3291 extr.
1321 3263 1377 3290 Cic.
1392 3271 1440 3297 pro
1455 3261 1530 3288 Rosc.
1546 3264 1634 3289 Amer.
1656 3271 1678 3293 33
1706 3262 1796 3293 Quos,
1815 3260 1879 3295 quia
1890 3261 1995 3302 seruare
2010 3270 2057 3296 per
2069 3261 2249 3297 Compofitio-

65 3293 207 3325 Postquam
219 3303 307 3323 nautas
321 3306 353 3324 ex
367 3299 479 3326 nauibus
493 3297 592 3332 eduxi,
612 3307 667 3324 non
686 3307 718 3325 ex
738 3298 870 3326 militibus
888 3305 967 3334 atque
986 3298 1072 3325 nautis
1085 3298 1124 3332 pi-
1184 3310 1244 3326 nem
1264 3299 1387 3333 volebat,
1426 3298 1480 3331 ipsc
1500 3298 1533 3325 ab
1553 3297 1593 3324 his
1612 3298 1770 3324 interemtus
1789 3296 1842 3330 est,
1878 3303 1939 3332 pace
1959 3304 2026 3323 mter
2046 3307 2084 3323 eos
2102 3299 2249 3325 conciliata.

64 3330 195 3364 scatores,
215 3338 370 3366 penatores,
390 3333 457 3366 feci,
474 3334 518 3361 sed
532 3343 627 3362 aurum
641 3334 712 3362 dedi.
749 3334 837 3361 Festus
850 3345 880 3361 ex
894 3335 1015 3361 emendat.
1032 3336 1124 3360 Dacer.
1184 3337 1235 3364 Per
1248 3336 1457 3371 Consequentias
1470 3334 1602 3369 contingit
1621 3333 1726 3368 leian.
1736 3333 1764 3358 in
1780 3332 1797 3359 l.
1808 3341 1817 3359 1
1838 3333 1870 3358 D.
1878 3332 1911 3359 de
1924 3332 2027 3360 anaor.
2040 3339 2067 3359 et
2081 3333 2151 3360 cons.
2165 3340 2250 3361 tutor.

103 3372 303 3401 PENVRIA,
324 3376 362 3395 ae.
387 3369 408 3395 f.
444 3370 583 3406 [ιῖςὲρηως]
620 3371 707 3397 Omnis
719 3370 804 3406 Impia
823 3379 923 3401 rerum,
941 3378 964 3396 et
976 3369 1124 3405 praesertim
1183 3382 1231 3399 non
1247 3372 1345 3404 cnsilio
1366 3372 1479 3404 agentis,
1492 3371 1540 3406 sed
1558 3367 1694 3402 neceffimte
1711 3372 1819 3402 quadam
1832 3368 2040 3403 consequutionis,
2058 3379 2106 3403 qua
2125 3378 2174 3394 vnn
2191 3372 2250 3395 dato

64 3411 159 3433 larum,
178 3411 241 3436 quae
254 3405 282 3428 in
294 3412 364 3438 penu
376 3405 570 3439 recondisoten,
607 3408 657 3432 Sed
667 3414 789 3442 repugnat
803 3408 884 3433 modus
898 3405 1006 3441 Syllabas
1016 3405 1124 3441 primae.
1183 3409 1227 3434 vel
1236 3419 1252 3434 a
1269 3408 1338 3441 'miffb
1357 3403 1455 3438 se‘dmtt
1473 3407 1580 3440 reliqua.
1655 3405 1695 3430 Sic
1715 3405 1763 3431 Per
1780 3404 1990 3438 Consequentias
2005 3405 2144 3438 negotium
2165 3404 2248 3432 alicui

64 3437 178 3465 Penuria
198 3439 300 3473 (inqua
311 3439 417 3470 ΙΕΕΠΜ)
435 3439 507 3474 qnod
519 3450 600 3475 Paene
612 3442 701 3469 minus
714 3443 754 3475 fif,
771 3451 850 3477 quam
864 3443 962 3470 necesse
974 3442 1018 3476 <⁵st-
1068 3441 1124 3466 Alft'
1136 3452 1172 3477 90
1184 3445 1240 3478 geri
1262 3444 1278 3469 l.
1298 3438 1379 3477 Qiod
1397 3443 1519 3470 dicimus.
1539 3442 1570 3467 D.
1585 3440 1615 3467 de
1633 3440 1702 3467 auct.
1716 3446 1742 3466 et
1755 3440 1822 3466 cons.
1836 3445 1885 3466 tut.
1958 3441 2006 3467 Per
2022 3441 2249 3476 Consequentiam

61 3479 154 3515 putant
167 3484 183 3499 a
197 3475 289 3500 Graeco
301 3477 369 3501 πεῖ-με
377 3475 469 3508 fames,
486 3477 565 3510 potius
575 3479 669 3505 deduci.
743 3479 813 3506 Ter.
822 3478 932 3514 Adelph.
947 3487 967 3510 3,
982 3487 1002 3510 3,
1015 3483 1044 3505 επ
1065 3477 1124 3503 Nae
1184 3481 1290 3515 leian.
1311 3479 1328 3507 l.
1352 3479 1438 3506 Moris
1461 3479 1493 3505 D.
1507 3478 1539 3504 de
1551 3477 1653 3511 poenis.
1724 3476 1831 3510 leian.
1845 3476 1872 3502 in
1889 3475 1906 3503 l.
1921 3476 2015 3503 Iulian.
2030 3474 2052 3510 6.
2073 3477 2099 3503 Si
2112 3477 2248 3504 venditor.

31 3507 35 3516 ¹
63 3509 215 3536 illiusmodi
229 3509 282 3537 iam
298 3509 377 3537 nobis
390 3519 482 3545 magna
495 3511 593 3538 ciuium
612 3514 723 3548 penuria
735 3514 786 3549 est,
806 3514 890 3542 homo
903 3514 1010 3547 antiqua
1023 3513 1124 3539 virtute
1185 3517 1216 3543 D.
1231 3516 1262 3543 de
1275 3515 1326 3543 act.
1338 3522 1400 3542 emt.
1414 3522 1440 3542 et
1454 3514 1532 3541 vend.
1563 3515 1610 3539 Per
1624 3512 1798 3539 Contrarium
1810 3520 1918 3546 quoque
1931 3512 2001 3539 idem
2019 3509 2134 3539 Iulianus
2148 3513 2249 3539 scribit.

65 3554 94 3572 ὃ(
109 3545 169 3572 fide·
243 3546 300 3573 Cic·
315 3546 394 3572 Verr·
408 3555 431 3579 5,
444 3555 471 3575 25
503 3547 547 3573 Ne
559 3545 698 3576 diutiusstn
716 3557 786 3577 tanta
806 3551 916 3586 penuria
932 3550 1054 3576 virorum
1069 3549 1125 3575 for·
1184 3553 1234 3580 Per
1252 3552 1435 3579 Contumelias
1450 3550 1528 3576 alicui
1550 3548 1675 3575 insultare
1700 3548 1760 3574 Liu.
1774 3557 1796 3580 3,
1811 3551 1849 3573 62.
1921 3549 1970 3575 Per
1985 3549 2096 3583 Culpam
2112 3549 2204 3575 venire
2218 3549 2248 3574 in

65 3580 144 3616 tium,
161 3581 240 3608 talem
252 3582 442 3616 imperatorem
456 3581 582 3616 ignorare
593 3584 697 3618 poffitis.
707 3584 729 3601 ⁰
768 3588 809 3612 Sic
821 3588 899 3613 Verr.
913 3596 936 3620 3,
949 3588 988 3612 126
1010 3585 1125 3611 Penuria
1183 3588 1355 3615 neceffitatein
1383 3587 1484 3614 Auftor
1498 3585 1527 3611 ad
1544 3586 1662 3612 Herenn.
1677 3594 1698 3617 2,
1707 3593 1741 3616 23.
1821 3583 1871 3610 Per
1886 3583 2018 3611 summum
2031 3584 2151 3611 Dedecus
2164 3585 2248 3619 vitam

66 3623 210 3645 aratorum·
283 3618 347 3645 Cib*¹
361 3617 474 3652 Penuria
493 3618 596 3644 Lucret·
611 3626 634 3651 59
647 3629 716 3652 ποῦς.
789 3622 865 3658 Virg.
880 3624 945 3649 Aen.
958 3631 982 3655 7,
997 3630 1033 3653 ¹13
1060 3622 1124 3647 Ver·
1137 3630 1170 3656 95·
1184 3625 1308 3651 amittere
1331 3624 1388 3651 Cic.
1403 3632 1450 3657 pro
1465 3621 1538 3647 Rost.
1555 3622 1643 3647 Amer.
1660 3629 1697 3648 30.
1794 3619 1867 3646 Idem
1884 3628 1934 3654 pro
1950 3619 2041 3647 Rabir.
2055 3621 2122 3647 Post.
2140 3622 2169 3652 36
2186 3630 2207 3647 c.
2223 3628 2246 3652 ¹3

67 3657 122 3679 tere
135 3655 236 3681 morsus
252 3653 379 3689 Exiguam
393 3653 421 3679 in
435 3653 561 3680 Cererem
574 3656 685 3688 penuria
697 3657 785 3693 adegit
798 3658 905 3685 edendi.
1001 3657 1086 3692 Copia
1099 3664 1123 3683 et
1184 3660 1238 3687 Vbi
1263 3660 1342 3687 semel
1363 3660 1422 3693 quis
1441 3657 1618 3692 peieraiierit,
1643 3655 1668 3681 ei
1685 3653 1758 3681 credi
1771 3655 1876 3689 postea,
1895 3656 1993 3683 etiamsi
2009 3664 2056 3691 per
2072 3657 2161 3691 plnres
2175 3656 2246 3682 Deos

68 3687 195 3723 Penuria,
216 3691 346 3716 ‘'Omrffl'sf‘
378 3689 434 3716 Cic·
446 3689 478 3715 de
493 3689 595 3715 I'ffle'st·
607 3698 630 3723 2.
644 3700 687 3718 ¹¹5·
795 3695 952 3722 Amicorum
971 3693 1124 3726 firmorum,
1183 3697 1270 3729 iuret,
1291 3705 1346 3722 non
1364 3701 1477 3726 oportet.
1514 3694 1582 3718 Aa‘d.
1599 3692 1673 3718 Curt.
1687 3704 1711 3724 4,
1726 3699 1765 3723 ιο,
1778 3700 1811 3723 32.
1884 3691 1933 3718 Per
1951 3692 2036 3725 Deos,
2057 3701 2104 3727 per
2117 3691 2246 3721 dextram,

67 3722 216 3758 stamnum,
233 3731 259 3752 et
272 3726 448 3753 constantium
461 3732 553 3759 magna
566 3724 602 3750 ²st
614 3727 722 3759 penuria
749 3729 822 3757 Idem
836 3730 868 3757 de
882 3729 988 3757 Amicit-
1002 3730 1032 3761 63
1052 3738 1074 3755 c·
1092 3738 1124 3762 ¹7-
1185 3742 1232 3767 per
1247 3733 1378 3762 fortunas,
1395 3738 1442 3764 per
1457 3729 1546 3757 fidem,
1566 3736 1613 3760 per
1624 3726 1763 3754 homines:
1784 3728 1874 3753 Μοιίιιι·
1885 3729 2035 3763 deprecandi
2050 3725 2245 3763 elegandffiums.

46 3790 50 3792 ,
68 3758 179 3787 Consilii
192 3763 304 3799 penuria
324 3762 391 3789 Plin.
404 3767 428 3796 8,
440 3763 467 3789 6,
538 3760 686 3788 Mulierum
699 3766 809 3797 penuria
828 3766 890 3794 Liu.
905 3777 923 3798 ι,
936 3774 963 3799 9.
1027 3764 1123 3792 vietus
1184 3770 1253 3795 Ter,
1268 3767 1350 3793 Andr.
1365 3776 1382 3797 ι,
1397 3775 1416 3797 ς,
1433 3774 1458 3792 ω
1494 3763 1572 3796 Qvod
1593 3772 1642 3797 ego
1664 3772 1711 3797 per
1731 3762 1798 3789 hanc
1816 3769 1842 3789 te
1856 3763 1983 3791 Dextram
2003 3772 2070 3796 oro,
2091 3770 2116 3789 et
2136 3761 2244 3796 genium

66 3794 137 3822 Hor.
150 3796 200 3824 Sat.
213 3806 233 3831 ι,
246 3806 268 3831 1,
281 3804 322 3832 98.
1129 3816 1177 3836 100
1184 3810 1270 3837 tuum,
1291 3811 1337 3838 per
1350 3808 1420 3827 tuam
1437 3799 1515 3826 fidem
1525 3817 1532 3829 ,
1553 3808 1652 3834 perq-ie
1666 3798 1744 3825 huius
1758 3798 1929 3826 solitudinem
1943 3807 1969 3827 te
1983 3799 2109 3831 obtestor,
2129 3805 2176 3828 ne,
2199 3802 2243 3835 etc.

484 3835 508 3868 P
582 3836 609 3867 E
685 3836 708 3868 P
1185 3841 1242 3867 cic.
1258 3840 1309 3865 Att.
1325 3847 1344 3870 ς,
1360 3846 1389 3863 20
1423 3837 1461 3862 Ad
1482 3843 1549 3870 quae
1569 3836 1747 3869 recuperanda
1763 3844 1811 3869 per
1826 3835 1954 3863 Fortunas
1969 3835 2109 3865 incumbe,
2129 3838 2157 3857 vt
2170 3831 2243 3856 f³c1⁵=

244 3895 249 3897 ,
1186 3876 1261 3902 cans,
1283 3876 1305 3900 lv,
1320 3874 1337 3899 Ι,
1353 3874 1454 3898 Manat.
1512 3872 1543 3898 It.
1562 3871 1668 3897 llfnenl..
1682 3873 1736 3896 lnsl.
1758 3871 1835 3905 Apul.
1889 3873 1974 3899 Bw-m.
1987 3874 2021 3896 ml
2034 3871 2136 3906 Petro&
2159 3875 2179 3891 (-
2196 3875 2242 3898 ¹27·

103 3910 146 3932 1²13
156 3910 317 3934 PARETH
327 3912 347 3934 0
357 3913 385 3940 S,
398 3907 417 3936 i.
438 3906 458 3935 f.
495 3905 582 3941 Insula
594 3914 647 3932 vna
659 3907 844 3942 exSporndt‘bus
860 3911 927 3938 Plin.
937 3920 962 3942 4,
972 3919 1004 3936 12.
1042 3909 1125 3937 Ouid.
1186 3909 1365 3938 Pseudo-Cic.
1383 3907 1413 3933 ad
1429 3907 1523 3933 oetan.
1545 3907 1614 3933 Nam
1630 3916 1676 3941 per
1691 3905 1776 3932 Deum
1791 3907 1983 3934 immortalium
1997 3907 2075 3942 fidem
2094 3901 2158 3934 (nisi
2172 3901 2243 3928 forte

66 3939 131 3966 Met.
152 3950 176 3974 7,
188 3949 236 3973 ⁴70
266 3942 297 3970 Et
317 3943 437 3979 Gyaros,
455 3943 609 3978 nitidaeque
629 3942 704 3970 ferax
723 3942 881 3978 Peparethos
901 3947 1000 3975 oliuae.
1055 3947 1125 3975 ΑΜ.
1186 3947 1281 3973 frustra
1297 3954 1341 3970 eos
1356 3942 1468 3977 appello,
1487 3951 1602 3975 quorum
1618 3944 1689 3968 auris
1702 3950 1780 3976 atque
1795 3943 1897 3969 animus
1910 3952 1923 3969 a
1937 3942 2013 3969 nobis
2027 3940 2169 3976 abhorret)
2187 3945 2244 3976 per-

66 3974 155 4003 Senec.
171 3975 278 4006 Troad.
299 3985 356 4012 840.
1137 3993 1180 4021 105
1187 3992 1238 4018 <luc
1255 3982 1400 4009 Fortunam
1415 3979 1477 4013 Pop.
1492 3979 1569 4006 Rom.
1589 3983 1674 4015 (quae
1688 3987 1848 4014 quamquam
1863 3978 1940 4006 nobis
1954 3977 2045 4004 infesta
2060 3974 2110 4006 est,
2130 3972 2182 3998 fuit
2196 3972 2243 4033 agi-

225 4018 316 4042 VOL.
351 4015 414 4044 111,
1343 4023 1356 4048 5
1380 4015 1398 4041 F,
2133 4016 2202 4041 quan
2224 4015 2241 4033 ο
