2517 4231
30 172 652 276 421‘X⁴NEL
1546 203 1784 247 NEM
2137 226 2208 264 422

31 307 57 329 et
68 300 152 335 ampla
162 305 188 326 et
201 297 319 333 expedita
331 296 426 330 habet,
462 298 560 324 multos
586 305 668 325 annos
697 301 761 323 νισι·
795 294 872 322 valde
904 295 1080 322 familiariter.
1139 304 1213 333 patre
1226 296 1335 331 Nestoris
1345 297 1493 331 formatum.
1567 295 1650 323 Ouid.
1664 295 1776 328 Metu,
1792 303 1833 329 553
1867 296 1910 323 Bi·
1925 300 1966 326 sex
1979 300 2092 328 Nelidae
2106 302 2206 329 fuimus

31 337 72 364 Sic
82 344 124 368 13,
137 338 166 368 36
198 334 289 361 Cluuii
308 333 444 368 negotium
457 333 504 369 ‘sti
523 335 589 369 quod
606 332 735 364 Mylasseis
748 337 773 357 et
793 331 949 357 Alabandcis
963 341 1083 366 magnam
1145 331 1281 367 conspcoh
1297 333 1431 359 iuuentuS.

16 372 53 398 >ei
68 372 203 406 pecuniam
217 369 354 397 debebant.
412 369 453 395 Sic
466 369 534 396 Hor.
548 369 653 401 Serui-i,
667 375 694 403 7,
708 379 722 400 4
756 366 861 393 Habete
882 377 1021 402 permagna
1040 377 1083 394 ne-
1547 372 1577 404 N
1654 371 1682 402 E
1757 370 1797 403 M

29 407 110 442 gotia.
180 408 240 432 Item
254 404 366 436 Bithyna
380 410 406 432 et
420 404 570 437 Cybaritica
582 405 688 438 negotia
714 403 782 429 Hor.
797 402 875 437 Epist.
890 413 914 438 i,
928 406 942 429 6
952 425 959 436 ‚
979 413 1012 436 33.

66 439 371 472 Νεσοτιόινινι,
392 441 410 467 i.
431 450 457 467 n.
495 440 594 467 Dimin.
629 439 817 474 [πραγμάτων]
855 440 910 466 Cic.
926 441 962 474 Q
980 441 1086 472 ιιι-ειη,
1109 442 1123 469 ς
1184 444 1315 471 ΝΕΜΑ,
1341 446 1504 474 NEMEN,
1540 442 1597 469 viiij
1618 448 1706 469 Νεο.

30 488 46 510 4
70 478 127 504 Erit
138 477 226 504 nescio
239 476 303 511 quid
320 476 461 512 negotioli.
1187 481 1209 500 N
1222 481 1237 500 1·2
1248 481 1272 499 Μ
1284 482 1307 500 Λ
1316 481 1336 499 v
1345 481 1357 500 3
1366 482 1385 500 v
1396 484 1408 501 3
1418 497 1424 508 ,
1446 478 1463 503 i.
1484 479 1503 503 f.
1528 485 1551 504 et
1573 485 1594 504 N
1608 484 1623 504 E
1632 485 1656 505 Μ
1666 485 1686 504 Α
1695 485 1716 505 ν
1727 483 1740 504 S
1750 483 1771 503 V
1780 483 1807 504 M
1816 497 1825 510 ,
1843 476 1861 503 i.
1883 486 1910 503 n.
1947 477 2108 512 [Νίμαυσος]
2147 481 2207 506 Gal.

67 521 88 540 N
99 518 202 540 EGOT
212 514 269 541 16³
280 519 299 537 V
310 520 338 545 s,
357 521 371 538 a
381 530 390 544 ‚
409 521 463 539 uin.
499 510 557 538 Adi.
593 511 803 544 [πολυπράγμων]
846 512 921 549 Qud
933 511 965 547 cs)
978 512 1086 545 negotiis
1147 510 1197 536 liae
1214 511 1380 542 Naroonensts
1401 513 1504 543 ciuitas,
1530 514 1734 549 Arhonnfiorum
1749 514 1887 549 metropolit
1918 513 1984 539 Plin.
1999 522 2010 544 3
2020 533 2028 546 ,
2047 523 2075 546 4.
2135 517 2206 549 Conf.

29 550 143 586 plenum,
173 549 294 574 hominum
315 556 338 574 et
351 558 432 574 rerum
445 547 574 582 epitheton.
647 546 745 572 Sallust.
762 547 840 573 Catil.
859 557 880 573 c.
895 553 908 577 8
928 555 991 572 extr.
1026 546 1085 571 Pru-
1147 546 1244 572 Auson.
1259 545 1324 571 Vrb.
1340 554 1373 578 13,
1389 554 1424 577 33.

30 584 186 612 dentiffimus
201 585 314 619 quisquc
328 583 398 618 quafi
411 582 522 610 maxime
536 581 687 616 negotiosus
701 590 764 609 erat.
822 583 958 618 Cogitatio
974 589 998 607 et
1012 580 1084 619 aetio
1185 587 1233 607 ΝΕ
1243 587 1267 606 Μ
1277 588 1297 606 Α
1307 588 1348 607 vs
1359 588 1366 606 ι
1377 588 1393 606 Ε
1406 588 1425 607 Ν
1440 588 1452 608 3
1462 590 1471 607 i
1481 589 1494 608 3
1504 603 1512 615 ,
1542 592 1565 609 e.
1602 584 1662 612 Adi.
1717 584 1784 612 Plin.
1797 593 1827 619 3,
1846 592 1866 619 4
1882 591 1947 611 extr.
1980 583 2207 612 Nemaufienfibus

29 621 163 655 negotiosa
190 619 258 646 Cels.
274 631 303 652 4,
318 628 353 651 2⁴.
425 618 486 644 Dies
498 617 577 650 sacri,
603 625 627 643 ct
640 617 792 652 Negoti-on,
813 626 966 654 opponuntur
993 616 1083 642 Taclt·
1102 626 1129 644 ιο
1146 616 1274 643 attributa
1289 616 1395 651 oppida.

29 657 96 682 Anu.
111 664 141 688 13,
155 664 194 688 41·
267 656 323 682 Cic.
340 663 388 688 pro
400 655 519 680 Muracu.
534 660 557 682 ni
571 658 613 684 c.8
640 654 739 680 Habuit
753 654 797 680 hic
813 655 870 689 lege
884 653 960 679 Titia
973 651 1083 686 prouin-
1187 658 1209 678 N
1223 659 1238 678 u
1250 658 1302 677 ΜΛ
1312 659 1353 678 vs
1365 660 1370 677 i
1381 652 1426 679 fic
1436 660 1456 678 v
1466 658 1496 682 3,
1513 661 1544 686 a,
1565 663 1618 680 um.
1655 655 1715 682 Adi.
1747 658 1823 682 Idem.
1860 655 2014 683 Theodulf.
2028 655 2117 682 Carni.
2132 664 2157 689 ι,
2176 664 2209 687 13!

29 691 96 718 ciani
110 691 215 718 tacitam
229 698 254 717 et
268 691 395 725 quietam:
433 695 461 715 tu
475 687 548 714 illam
558 709 565 721 ‚
592 689 635 716 cui
648 699 730 724 quum
751 690 906 723 Quaestores
919 689 1084 719 sortiuntur,
1148 688 1213 715 Inde
1221 687 1403 714 Neinauliacas
1419 688 1511 714 sentim
1526 698 1696 723 properamus
1716 691 1747 716 ad
1761 700 1840 719 arces.

29 727 107 754 ctiam
121 727 256 753 acclamari
270 726 348 756 solet,
369 723 531 750 Hostiensem
545 733 598 750 non
613 732 666 752 tani
679 727 818 760 gratiofinn
825 722 994 754 etillustrcuiv
1004 731 1084 756 quam
1185 731 1207 750 N
1218 721 1234 749 ιῖ·
1244 730 1270 749 Μ
1282 722 1299 749 i}
1308 730 1346 759 A,
1367 733 1405 750 ac.
1424 724 1444 750 f.
1481 724 1600 759 [Νεμέα]
1637 727 1708 750 Silua
1722 727 1788 751 inter
1801 729 1902 753 Cleonas
1914 735 1938 754 et
1953 728 2110 761 Phliuntem,
2125 727 2210 763 inqua

29 763 191 798 negotiosam
205 769 230 789 ct
241 760 381 789 molestam.
454 760 504 785 Res
517 761 668 795 negotiosa,
689 761 808 793 Difficilis
833 760 912 786 Plaut.
929 758 1007 784 Stich.
1017 767 1039 790 2,
1060 766 1083 790 3,
1146 760 1244 795 Argiui
1258 760 1285 785 ob
1300 760 1414 785 Herculis
1428 760 1567 785 memoriam
1596 760 1660 795 (qui
1672 763 1762 786 leonem
1775 762 1812 787 ioi
1822 763 1965 796 occiderat)
1991 763 2123 790 Nemeaea
2131 763 2209 798 sacra

29 808 61 831 3¹-
134 799 255 832 Tergum
268 795 450 829 negotiosinn,
470 796 517 821 Cui
525 796 658 830 fiii-effimr
672 798 794 832 negotium
820 795 902 821 Plaut.
916 794 975 820 Mil.
986 801 1083 825 z‚5‚37.
1103 803 1128 828 ις
1146 796 1269 821 celebrare
1281 794 1465 830 consueuerant.
1540 795 1605 821 Plin.
1622 804 1665 828 19,
1682 802 1703 825 a.
1729 798 1759 821 de
1773 798 1853 831 Apio,
1880 799 1974 824 Honos
1990 798 2036 834 ipfi
2051 800 2079 825 in
2091 799 2210 833 Achaia,

29 836 86 861 Com
103 843 141 860 or.
179 833 234 860 Sen.
249 831 280 857 de
294 833 333 858 tra
347 840 376 864 2,
391 840 414 863 ¹3
447 830 520 864 Quid
533 832 572 858 ira
586 833 758 860 laboriosius?
789 830 863 863 Qiid
885 830 1024 856 clementia
1044 838 1083 854 re·
1147 839 1279 857 coronare
1291 830 1410 857 viciores
1424 831 1490 856 sacri
1503 832 1656 858 certaminis
1671 831 1798 858 Nemeae.
1853 835 1922 858 Hinc
1934 835 2010 860 omnis
2023 835 2092 869 regio
2104 836 2209 862 Nemea

30 870 144 896 missmss
186 867 257 900 (ΕΜ
275 866 429 894 crudelitate
448 869 626 901 negotiosius?
706 870 739 894 Su
755 867 801 892 erl.
840 865 1083 900 Negotioliilinium
1144 866 1250 893 dicitur.
1326 867 1403 901 Virg.
1423 868 1488 893 Aen.
1505 874 1536 900 8,
1556 876 1599 900 295
1630 867 1662 893 Et
1682 867 1785 894 vastum
1806 867 1923 894 Nemeac
1942 869 1987 896 sub
2006 879 2071 906 rupe
2091 871 2207 899 leonem.

28 914 94 941 opus
116 904 249 937 Augustin.
264 902 378 929 Reti-aet.
393 913 411 936 i,
425 909 458 932 ig.
531 905 582 930 Vir
596 902 723 938 negotiosi
743 910 810 928 unus
836 901 910 929 Idem
927 901 1006 935 Epili.
1022 910 1062 934 54.
1079 927 1083 932 .
1147 902 1252 929 Dicitur
1272 910 1297 928 et

63 945 138 967 NEG
148 945 168 965 ο
179 945 216 965 'ri
230 944 250 965 o
261 946 273 963 s
283 936 296 964 ἰ
306 945 328 965 Τ
337 945 358 964 Α
367 945 396 972 3,
418 939 476 965 fitis.
497 939 518 965 f.
556 942 595 965 lta
606 945 720 964 tentarat
733 937 801 964 Gell.
810 945 832 964 ιι
841 958 848 970 ,
864 940 889 964 t6
915 946 1083 970 namn-eamm-
1183 945 1205 964 N
1218 945 1234 965 E
1243 946 1268 965 in
1279 936 1324 965 ιέε
1335 959 1344 972 ,
1363 947 1398 965 es.
1424 938 1444 965 f.
1500 938 1615 965 Martial.
1631 947 1657 971 ι,
1670 947 1698 971 27
1731 938 1798 965 Non
1812 938 1953 965 Marathon
1967 946 2086 977 taurum,
2105 942 2208 970 Nemee

25 975 103 1008 οὖν-ιν,
122 975 212 1000 vitium
225 974 287 1000 illud
301 975 397 1007 nobile,
414 984 515 1001 vocare:
550 974 582 1000 ad
596 974 690 1000 multas
704 982 746 999 res
757 973 943 1008 aggreslionem
952 995 961 1007 ‚
982 981 1083 999 earum·
1096 982 1130 1000 20
1147 974 1275 1001 frondosa
1290 975 1411 1007 leonem,
1434 975 1512 1000 Arcas
1528 975 1692 1001 Maenalium
1707 983 1763 1000 non
1775 975 1901 1001 timuisset
1913 984 2015 1010 apruni.
2089 981 2151 1004 Sunt
2165 980 2209 1014 qui

25 1019 74 1045 que
86 1010 207 1036 omnium
225 1019 317 1036 rerum
336 1010 484 1036 stelionem:
512 1009 562 1045 sed
581 1018 634 1034 cum
651 1009 771 1035 virtutem
792 1010 857 1034 alter
877 1009 1028 1044 intelligeret
1043 1008 1082 1040 sic
1142 1011 1304 1045 penultimam
1320 1012 1446 1036 interdum
1459 1010 1642 1045 etiamproauci
1651 1018 1749 1046 putent,
1769 1018 1873 1036 citantes
1883 1013 2059 1046 artapaqslicum
2072 1015 2206 1041 dimetrum

23 1047 144 1078 laudm-12,
160 1046 249 1071 maluit
262 1046 301 1071 ita
316 1046 465 1080 describere,
487 1045 593 1071 Variam
607 1045 837 1080 promiscuamque
852 1051 877 1071 et
898 1053 953 1070 non
977 1045 1083 1070 neccil'a-
1146 1047 1258 1072 Senecae
1273 1046 1301 1072 in
1316 1047 1395 1072 Herc.
1415 1046 1476 1072 Oct.
1494 1051 1548 1076 ¹885
1584 1047 1648 1080 Iuga
1669 1047 1788 1081 spartes,
1813 1046 1983 1080 Nemeaeque
2001 1048 2103 1076 fouent.
2159 1051 2210 1076 Sed

23 1081 91 1108 riam
107 1089 197 1107 rerum
211 1080 389 1108 cuiuscemodi
412 1080 636 1115 (cuiusquemodi
651 1081 753 1107 videtur
765 1081 836 1116 leg.)
868 1080 1043 1116 plurimarum
1057 1087 1083 1105 ct
1147 1083 1225 1108 Gron.
1245 1083 1308 1116 Iuga
1321 1081 1468 1114 Parthenii,
1489 1081 1661 1115 Nemeacque
1676 1083 1777 1112 sonent.
1850 1083 1920 1115 Ager
1934 1083 2090 1111 formidatus
2111 1085 2207 1112 Neme.

23 1117 184 1152 cogitatione
197 1123 222 1143 et
242 1117 378 1152 petitione.
1146 1126 1172 1143 es
1199 1118 1259 1143 Stat.
1269 1118 1332 1144 Silu.
1347 1127 1368 1150 3,
1382 1126 1402 1147 ι,
1414 1126 1454 1149 30.
1525 1118 1654 1144 Alumnus
1668 1117 1820 1144 frondentis
1833 1117 1950 1144 Nemees
1972 1120 2009 1146 Id.
2024 1120 2091 1147 ibid.
2110 1130 2132 1154 i,
2145 1131 2165 1155 3,
2180 1124 2206 1148 6.

60 1155 281 1186 NEGOTiA‘Lis,
301 1161 323 1178 e.
356 1149 416 1177 Adi.
435 1149 632 1185 [πραγματικδς]
652 1152 699 1177 Ad
710 1153 834 1187 negotium
847 1153 986 1188 pertinens.
1024 1150 1080 1176 Cic.
1098 1159 1128 1184 23
1145 1152 1269 1188 Intelligit
1280 1154 1379 1179 Leonem
1387 1153 1458 1186 sidus
1471 1154 1577 1189 caeleste.
1651 1155 1736 1180 Lucus
1755 1154 1870 1180 Nemees
1907 1154 1968 1181 Stat.
1983 1156 2046 1182 Silii.
2058 1165 2080 1189 ς,
2098 1165 2120 1189 3,
2135 1167 2169 1188 52-

23 1188 54 1215 de
69 1190 171 1216 Inuent.
180 1198 200 1221 i,
216 1197 244 1222 ¹4
256 1198 277 1214 c.
286 1198 305 1214 ii
332 1187 404 1213 Haec
416 1186 572 1213 constitutio
585 1195 664 1222 quam
677 1188 827 1222 generalem
840 1188 1082 1221 nominamus‚par-
1184 1196 1203 1215 N
1214 1196 1230 1215 E
1240 1195 1266 1214 M
1275 1196 1348 1216 ΕΑΕ
1359 1196 1377 1215 v
1388 1196 1417 1222 s,
1438 1198 1469 1224 a,
1494 1198 1549 1216 um.
1591 1189 1652 1216 Adi.
1698 1190 1834 1223 [anafaffi
1853 1190 1990 1226 Ntuaaioc]
2047 1195 2128 1219 Arma
2154 1194 2208 1219 Ne.

23 1232 61 1251 tes
73 1224 151 1250 nobis
165 1224 269 1251 videtur
282 1223 344 1250 duas
351 1222 466 1256 habere,
485 1223 673 1257 iuridicialem,
694 1228 723 1249 et
734 1224 903 1257 negotialem.
976 1223 1049 1249 Idem
1057 1232 1081 1254 2,
1145 1233 1234 1251 meaea
1264 1225 1326 1252 Stat.
1341 1225 1404 1251 Silii.
1419 1232 1442 1258 ς,
1457 1234 1479 1259 2,
1493 1231 1533 1257 48.
1607 1225 1701 1251 Hiatus
1718 1226 1867 1251 Nemeaeus
1883 1225 1965 1252 leonis
1993 1228 2097 1254 Lucret.
2114 1238 2143 1264 5,
2163 1237 2207 1262 24.

24 1265 57 1287 (α
75 1269 97 1286 c.
112 1268 144 1287 ει.
215 1260 301 1287 Locus
314 1259 454 1294 negotialis
466 1260 535 1294 apud
544 1260 664 1285 rhetoras.
737 1259 870 1292 Qiinelil.
892 1268 919 1291 3,
939 1260 973 1292 6,
994 1261 1024 1291 36
1045 1260 1082 1293 sq.
1148 1261 1227 1287 Pestis
1253 1261 1336 1288 Ouid.
1354 1261 1432 1295 Epist.
1448 1270 1463 1293 9
1473 1281 1481 1294 ,
1496 1263 1531 1287 (u.
1604 1261 1697 1287 Vellus
1723 1261 1761 1287 id.
1776 1261 1840 1287 Met.
1848 1270 1875 1294 9,
1888 1270 1937 1294 235.

23 1296 97 1323 Idem
110 1305 134 1328 2,
147 1305 186 1330 21,
199 1306 212 1329 3
238 1296 321 1330 Eique
333 1296 422 1322 locum
437 1295 468 1321 in
478 1294 565 1321 ethice
577 1295 738 1329 negotialem
750 1295 888 1330 affignant,
915 1294 943 1321 id
956 1294 992 1320 est
1006 1306 1083 1328 πρκγ-
1184 1304 1205 1323 N
1215 1304 1232 1324 E
1241 1303 1292 1324 ME
1301 1303 1350 1324 ΑΕ
1360 1304 1381 1323 A
1393 1318 1401 1330 ‚
1427 1298 1471 1322 νει
1491 1304 1513 1323 N
1524 1302 1540 1322 E
1552 1303 1577 1323 M
1588 1303 1605 1323 E
1615 1303 1636 1323 A
1647 1317 1655 1329 ‚
1674 1306 1764 1323 orum,
1791 1306 1818 1323 n,
1846 1298 1880 1331 pl,
1921 1298 2072 1334 [Nepte-tara]
2128 1300 2208 1326 Sam,

23 1340 129 1364 μιτικὸν.
1097 1341 1128 1365 30
1139 1333 1248 1367 fuerunt
1261 1333 1383 1359 Graeciae
1395 1336 1549 1368 certamina,
1569 1333 1606 1358 ita
1619 1333 1741 1367 appellata
1759 1342 1776 1359 a
1794 1333 1896 1360 Nemea
1911 1336 2071 1369 Peloponnesi
2073 1335 2159 1369 silua,
2179 1336 2207 1361 in

60 1373 234 1395 NEGOTIOR
243 1388 252 1401 ,
271 1366 319 1394 iri.
340 1367 403 1401 Dep.
424 1367 551 1401 [ion-enea,
564 1368 676 1400 ἰμκορὲω,
691 1366 900 1400 πραγματεύομαι.
913 1364 1081 1400 {prag-bouxi]
1143 1379 1193 1404 qua
1201 1370 1262 1404 fieri
1274 1368 1446 1404 constituerunt
1459 1368 1487 1393 In
1499 1370 1611 1394 bonorem
1625 1369 1756 1402 Herculis,
1782 1370 1828 1403 qui
1844 1371 1871 1394 in
1892 1378 1920 1395 ea
1932 1370 2001 1402 filim
2014 1372 2104 1396 leonem
2119 1371 2208 1404 fertur

23 1404 132 1438 Negotia
149 1413 261 1430 exercere
269 1405 372 1443 proprie
379 1404 528 1438 pecuniaria
542 1404 584 1429 vel
593 1403 778 1437 frumentaria.
817 1403 875 1430 Vid.
891 1409 1081 1429 NEGOTtVM
1144 1404 1273 1440 occidffl:
1303 1405 1348 1439 seu
1365 1405 1449 1439 potius
1465 1405 1492 1429 in
1511 1406 1623 1429 honorem
1642 1406 1792 1431 Archemori
1806 1406 1880 1439 pueri
1897 1406 1925 1430 in
1944 1416 1972 1431 ca
1982 1406 2053 1438 silita
2066 1416 2081 1431 a
2094 1406 2209 1442 serpente

22 1447 48 1464 n.
61 1448 87 1471 4.
142 1441 220 1474 Apud
237 1446 380 1465 recentiores
396 1438 538 1473 generatim
557 1446 581 1464 et
599 1446 753 1464 mercaturae
772 1445 868 1474 operam
881 1441 949 1465 clare.
1023 1438 1081 1464 Cic-
1144 1441 1224 1474 occist.
1298 1440 1497 1466 Nemeaeorum
1517 1440 1623 1465 vit‘lores
1637 1441 1692 1475 apio
1706 1442 1896 1467 coronabuntur.
1953 1443 2008 1467 Vid.
2029 1442 2095 1469 Plin.
2115 1451 2160 1476 19,
2183 1448 2206 1473 8.

23 1473 76 1501 Off.
92 1484 112 1506 ς,
127 1480 156 1505 58
168 1483 190 1502 c.
200 1483 227 1507 14
251 1475 343 1508 Qum
355 1475 380 1500 se
396 1474 532 1506 Syracusas
547 1474 652 1500 otiandi
671 1474 784 1510 (vtipse
792 1474 880 1501 dicere
888 1474 1007 1509 solebat)
1027 1483 1083 1500 non
1145 1476 1206 1502 Liu.
1221 1482 1266 1510 27,
1280 1484 1310 1507 30
1344 1475 1385 1501 Ibi
1403 1476 1541 1502 curatione
1556 1476 1723 1502 Heraeorum
1739 1477 1958 1511 Nemeorumque
1971 1477 2103 1512 suffragiis
2115 1479 2208 1513 populi

22 1509 176 1545 negotiandi
188 1510 263 1537 causa
281 1510 436 1537 contulisset.
510 1509 613 1536 Deinde
627 1510 736 1537 caeteris
755 1519 787 1537 ex
799 1510 942 1537 ordinibus
960 1510 1083 1537 homines
1098 1519 1127 1545 35
1144 1512 1175 1538 ad
1191 1520 1252 1537 eum
1266 1511 1361 1538 delata.
1437 1513 1469 1537 kt
1483 1514 1537 1538 lam
1559 1512 1631 1537 enim
1651 1512 1818 1539 Nemeorum
1841 1512 1978 1547 appetebat
1997 1521 2114 1548 tempus,
2139 1522 2206 1548 quae

21 1546 85 1572 naui
98 1553 124 1572 et
137 1545 259 1573 industrii
274 1546 370 1581 partim
389 1546 418 1572 in
439 1544 496 1572 Asia
508 1545 689 1579 Negotiantur
721 1546 776 1573 Cic.
796 1555 845 1581 pro
865 1547 894 1572 L.
910 1545 1002 1572 Manil.
1024 1555 1045 1572 c.
1060 1555 1082 1578 7.
1146 1546 1278 1574 celebrari
1292 1547 1399 1574 volebat
1419 1547 1566 1582 praesentia
1580 1549 1632 1574 sua.
1689 1550 1727 1574 De
1742 1550 1855 1583 Philippo
1869 1556 2016 1583 reg-ejermo
2028 1551 2069 1585 ψ.

24 1581 91 1608 Plin.
99 1590 148 1615 29,
163 1591 170 1608 ι
205 1582 262 1608 Nec
276 1582 388 1609 dubium
403 1581 456 1615 est,
477 1590 571 1608 omnes
585 1581 647 1608 istos
660 1582 757 1608 famam
772 1584 891 1609 nouitate
903 1582 992 1616 aliqua
1005 1591 1083 1608 aucu-
1181 1591 1203 1609 N
1213 1590 1230 1609 E
1239 1590 1264 1609 M
1275 1581 1292 1610 ἑ
1302 1590 1314 1609 3
1325 1591 1333 1609 ι
1343 1590 1356 1609 s
1365 1605 1372 1616 ,
1392 1583 1423 1609 is.
1440 1583 1459 1610 f.
1498 1584 1636 1617 [Νέμεσις]
1673 1594 1689 1609 a
1703 1589 1761 1616 νέμω
1773 1585 1905 1619 distribuo:
1941 1585 1985 1610 vel
1996 1588 2096 1616 γεμισάω
2103 1585 2205 1620 irascor.

22 1624 127 1651 pantes,
143 1617 244 1644 animas
257 1618 342 1645 statim
356 1617 455 1645 nostras
469 1617 610 1652 negotiari.
646 1619 665 1644 i.
687 1619 791 1644 Lucrum
798 1618 886 1652 fucere
896 1619 923 1643 in
930 1620 986 1643 vita
1000 1618 1083 1653 nostra
1144 1620 1241 1645 Nomen
1255 1621 1330 1651 deae,
1352 1629 1426 1653 quam
1438 1619 1601 1654 defi-rihmunt
1616 1620 1699 1645 verbis
1713 1619 1847 1646 Ammiani
1861 1621 1943 1646 Mai-c.
1954 1630 1985 1653 ις,
1996 1630 2013 1646 ιι
2036 1621 2108 1648 Haec
2120 1628 2145 1647 et
2159 1621 2207 1648 hu.

23 1654 66 1678 vel
73 1653 197 1688 seruanda
217 1655 259 1679 vel
276 1655 417 1680 aizimena'a.
476 1655 514 1679 De
532 1654 639 1679 medicis.
712 1653 856 1688 Negotiari
873 1654 965 1688 aliquo
985 1661 1082 1688 genere
1145 1654 1264 1682 jusmodi
1279 1656 1406 1688 quaedam
1426 1654 1633 1681 innumerabilia
1653 1655 1736 1681 vltrix
1756 1656 1909 1682 facinorum
1931 1656 2094 1690 impiorum,
2121 1657 2207 1683 bono-

26 1695 188 1716 mercaturae
212 1689 344 1716 Columel.
358 1698 380 1716 12
400 1689 483 1724 praef.
1096 1699 1130 1721 40
1145 1699 1260 1725 rumque
1272 1690 1445 1725 praemiatrix
1465 1691 1607 1724 aliquoties
1627 1697 1753 1725 operatur
1772 1690 1904 1723 Adrastia,
1932 1698 2009 1725 atque
2029 1693 2130 1718 vtinam
2144 1694 2207 1718 sem-

64 1731 86 1750 N
99 1730 177 1752 EGO
189 1731 212 1752 'r
225 1732 235 1751 1
246 1731 338 1758 ANS,
356 1726 432 1752 antis.
468 1724 560 1751 partic.
603 1723 709 1749 Sueton.
729 1724 796 1759 Aug.
810 1734 832 1750 c.
847 1734 876 1756 ⁴2
914 1725 1038 1750 Aratores
1053 1731 1082 1748 ac
1144 1726 1205 1761 per!
1243 1735 1323 1760 quam
1339 1725 1473 1752 vocabulo
1494 1726 1595 1760 duplici
1615 1727 1694 1752 etiarn
1717 1726 1841 1752 Nemesin
1861 1726 2038 1760 appellamus,
2064 1730 2107 1754 ius
2126 1728 2208 1761 quod-

22 1759 195 1793 negotiantes.
266 1762 372 1787 Petron.
391 1770 411 1786 c.
428 1769 466 1786 ιοι
500 1758 612 1785 Familia
624 1759 771 1792 negotians.
833 1761 882 1786 Vbi
895 1760 978 1785 Boi-m.
996 1767 1021 1794 p.
1035 1767 1082 1791 472
1142 1764 1204 1789 darn
1217 1762 1329 1788 sublime
1347 1761 1475 1787 Numinis
1490 1760 1618 1792 efficacis,
1638 1762 1814 1788 humanarum
1833 1762 1963 1788 mentium
1978 1763 2108 1796 opinione
2121 1763 2209 1790 lunari

21 1794 194 1829 Negotiantes
204 1797 305 1830 proprie
318 1796 404 1820 Romae
416 1794 492 1826 diali,
510 1794 555 1828 qm·
564 1801 610 1828 per
623 1794 767 1828 prouincias
773 1796 867 1828 foenus
879 1802 1036 1827 exeri-erent,
1056 1800 1081 1820 et
1143 1799 1246 1824 circulo
1260 1796 1452 1832 superpositum
1461 1818 1469 1830 ‚
1494 1797 1537 1823 vel
1556 1805 1584 1823 vt
1603 1797 1649 1823 alii
1669 1797 1844 1823 substantialis
1863 1798 1943 1823 tutela
1957 1799 2076 1832 generali
2090 1799 2209 1833 potentia

22 1839 111 1855 merces
123 1832 232 1864 vna‘ique
245 1833 361 1865 coeintas,
384 1836 408 1855 et
416 1830 549 1864 praecipue
561 1838 695 1863 annonam,
710 1836 902 1866 comportarent.
1144 1834 1283 1870 partilibus
1303 1833 1449 1868 praesidens
1470 1833 1547 1859 fatis:
1584 1842 1662 1867 quam
1684 1833 1804 1868 theologi
1825 1841 1927 1860 veteres
1946 1834 2073 1868 fingentes
2092 1834 2209 1862 Iustitiae

55 1871 106 1891 ΝΕ
116 1871 137 1891 G
147 1871 167 1892 ο
179 1871 219 1891 'rt
229 1866 281 1891 ᾸΤ
292 1870 312 1891 o
326 1870 346 1890 R
356 1885 365 1898 ‚
386 1866 451 1892 aris.
484 1874 520 1891 tn.
569 1866 730 1897 [tun-onasus,
749 1866 925 1901 πραγματεός]
980 1866 1035 1901 ,21Ῑί
1053 1868 1081 1890 in
1098 1875 1127 1901 45
1144 1871 1244 1903 filiam,
1262 1879 1295 1896 cx
1308 1869 1397 1896 abdita
1410 1869 1523 1904 quadam
1537 1870 1694 1896 aeternitate
1708 1870 1815 1896 tradunt
1830 1878 1920 1896 omnia
1935 1869 2085 1904 despectare
2095 1871 2209 1897 terrena‘.

14 1900 125 1926 aliorum
139 1900 242 1936 negotiis
249 1900 278 1935 se
290 1908 393 1927 exercet.
451 1902 519 1926 Vnde
536 1900 627 1930 Labeo
647 1901 676 1927 in
688 1900 705 1927 l.
721 1901 825 1936 Legatis
843 1902 925 1929 seruis
946 1903 978 1928 D·
1000 1905 1031 1928 de
1045 1902 1082 1927 le·
1145 1908 1218 1933 Haec
1228 1914 1256 1932 vt
1270 1906 1361 1940 regina
1368 1905 1503 1932 causatum
1514 1926 1522 1938 ‚
1542 1912 1568 1931 et
1584 1905 1684 1932 arbitra
1697 1914 1788 1932 rerum
1804 1915 1833 1931 ac
1847 1905 2025 1941 disceptatrix,
2047 1915 2140 1933 vrnain
2155 1908 2209 1934 sor-

19 1942 69 1970 gflt·
84 1945 95 1968 3
122 1936 311 1971 NegOtiatffl'ssS
324 1936 394 1963 serui
406 1937 547 1970 Videntur,
581 1936 629 1971 qui
648 1938 789 1973 praepofiti
807 1938 866 1964 sunt
884 1938 988 1972 negotii
1008 1946 1081 1964 excr-
1143 1943 1212 1969 tium
1225 1948 1371 1976 temperat,
1397 1941 1574 1968 attidentium
1596 1942 1666 1968 vices
1680 1941 1828 1968 alternans:
1866 1942 2088 1976 voluntatumque
2108 1945 2208 1970 nostra-

20 1970 96 1998 tendss
110 1973 195 1998 causa:
234 1972 319 1999 veluti
331 1973 379 2007 qUi
392 1973 424 1999 ἃᾶ
441 1973 600 2006 emendum,
627 1982 672 2000 ³¹¹1
690 1973 850 2010 locandum,
874 1982 917 2001 aut
932 1974 1081 2000 conducess-
1142 1988 1202 2005 rum
1218 1979 1310 2005 exorsa
1324 1977 1458 2003 interdum
1473 1978 1546 2009 alio,
1568 1986 1646 2011 quatu
1663 1986 1717 2010 quo
1729 1977 1933 2010 contendebant,
1955 1978 2028 2004 exitu
2044 1979 2208 2012 terminans,

21 2007 84 2034 dum
98 2008 237 2043 praepositi
252 2009 319 2035 sunt·
392 2010 442 2035 Sed
598 2006 619 2047 Ἴ
640 2018 653 2035 2
689 2010 815 2036 Ciceronis
826 2018 907 2036 aetate
925 2010 1083 2044 Negotfflo-
1144 2014 1304 2048 multiplices
1320 2014 1393 2039 achis
1406 2013 1583 2047 permutando
1602 2013 1752 2038 conuoluit.
1827 2013 1976 2046 Eademque
1996 2014 2148 2040 neceffitatis
2168 2015 2207 2041 in-

21 2051 63 2071 res
71 2045 233 2078 peculiariter
247 2044 325 2079 tlt't‘lt',
344 2045 389 2078 qui
402 2045 446 2070 vel
452 2044 545 2079 somus
558 2052 702 2070 exercerent
714 2045 741 2069 1'n
751 2046 899 2079 prouincia,
918 2046 960 2070 vel
965 2046 1081 2077 fiumen-
1097 2054 1128 2078 30
1144 2049 1255 2075 solubili
1274 2047 1422 2074 retinaculo
1442 2047 1613 2073 mortalitatis
1632 2047 1752 2072 vinciens
1773 2047 1852 2072 fastus
1866 2053 1997 2073 tumentes
2012 2048 2153 2083 incass'um,
2181 2056 2207 2077 et

22 2080 116 2106 fariam
123 2081 320 2115 ”egffiass'fflem-
361 2081 418 2106 7Ῐᾶ-
427 2079 880 2114 ‘¹⁴1²‘ouErmstl,qufn'l‘m‘sumfflin
897 2085 1079 2105 NEGOTIVM
1143 2084 1375 2108 incrementorum
1390 2081 1669 2115 detrimentorumque
1684 2090 1819 2109 momenta
1834 2083 1954 2115 versans,
1981 2090 2011 2109 vt
2023 2086 2115 2118 nouit,
2137 2095 2206 2112 nunc

21 2124 48 2142 n.
62 2124 89 2148 4.
162 2116 218 2142 Cic.
233 2116 338 2142 Verr.2
351 2123 394 2147 c.3
410 2114 506 2142 Siculis
519 2114 581 2140 solis
590 2122 676 2148 neque
684 2113 850 2147 publicanus,
865 2123 949 2148 neque
964 2114 1080 2147 negotia·
1143 2117 1243 2144 ereetas
1263 2126 1395 2143 mentium
1414 2118 1530 2143 ceruices
1549 2118 1678 2152 opprimit
1698 2125 1723 2144 et
1744 2126 1869 2149 eneruat3
1905 2128 1974 2145 nunc
1995 2119 2080 2147 bonos
2099 2123 2131 2147 ab
2151 2131 2207 2149 imo

21 2157 63 2177 tor
75 2149 141 2177 odio
153 2149 198 2176 est·
270 2150 308 2176 Id·
321 2158 370 2184 P1‘0
384 2149 479 2176 Flacco
500 2158 522 2175 C·
539 2151 566 2175 ¹⁶
600 2149 727 2175 Testal‘el‘
747 2148 917 2184 PUbliCflflOSs
939 2150 1082 2176 exclfflfffll
1143 2154 1266 2180 suscitans
1279 2154 1311 2179 ad
1326 2153 1393 2179 bene
1409 2153 1554 2179 viuenduin
1569 2153 1681 2180 extollit.
1737 2154 1832 2180 Pinnas
1850 2160 1937 2180 autem
1958 2155 2019 2181 idco
2033 2156 2074 2182 illi
2087 2157 2206 2184 sabuosa

19 2185 207 2220 negotiatores.
264 2187 295 2210 Et
308 2184 341 2211 ad
356 2185 408 2212 Att.
421 2193 449 2217 2,
469 2186 494 2210 16
520 2184 594 2211 Malo
607 2185 817 2219 negotiatoribus
831 2186 987 2218 satisfacere,
1003 2194 1081 2218 quam
1143 2190 1255 2215 vetustas
1273 2189 1389 2223 aptauit,
1417 2196 1445 2215 vt
1463 2189 1545 2215 adesse
1565 2189 1706 2215 velocitate
1721 2191 1826 2216 volucri
1846 2190 1949 2216 cunetis
1964 2191 2142 2218 existimetur:
2181 2199 2207 2220 et

20 2221 178 2257 publicanis.
259 2221 330 2248 Hirt.
351 2221 379 2247 B·
401 2221 458 2246 Afs·
480 2223 511 2251 36
548 2220 749 2259 *Negotia-tores
782 2221 872 2260 Italici
900 2229 1080 2260 ayratoresque.
1098 2230 1125 2254 33
1142 2224 1315 2261 praetendere
1328 2225 1536 2259 gubernaculum
1549 2224 1637 2257 dedit,
1657 2225 1737 2258 eique
1753 2224 1868 2251 subdidit
1883 2234 1985 2258 rotam,
2006 2234 2034 2253 vt
2052 2228 2207 2256 vniuersita-

21 2258 79 2284 Cic.
93 2265 142 2291 pro
155 2257 270 2284 Fonteio
281 2265 303 2283 c.
317 2266 345 2282 ιο
379 2257 479 2282 Omnes
492 2261 610 2289 equites,
631 2264 677 2289 qui
691 2264 720 2281 in
734 2255 781 2281 illa
795 2264 935 2290 prouincia
956 2256 1081 2289 fuerunt,
1143 2269 1197 2288 gem
1212 2270 1305 2295 regere
1318 2269 1364 2294 per
1376 2261 1505 2287 elementa
1519 2260 1667 2286 discurrens
1682 2260 1774 2286 omnia
1788 2269 1843 2287 non
1859 2261 2008 2295 ignoretur.
2066 2268 2134 2291 Add-
2144 2265 2205 2292 Stat.

22 2301 113 2320 omnes
129 2293 306 2327 negotiatores
318 2292 376 2318 eius
388 2291 553 2326 prouinciae.
610 2291 659 2316 Sed
670 2293 747 2316 etiam
757 2302 772 2317 ii
786 2292 979 2318 mercatoribus
994 2294 1080 2327 distin.
1143 2297 1237 2323 Theb,
1253 2303 1276 2328 3,
1289 2306 1335 2327 520
1361 2296 1402 2322 Est
1417 2295 1480 2329 dea,
1500 2304 1578 2329 quam
1593 2295 1718 2322 Nemesin
1732 2296 1838 2330 dicunt,
1863 2297 1919 2323 Dea
1939 2306 2030 2332 magna
2043 2306 2205 2334 potensque,

17 2329 76 2364 guit
89 2337 138 2363 pro
154 2329 259 2354 Plancio
282 2337 304 2354 c.
322 2330 354 2354 26
399 2324 620 2361 Negotiatoribus
644 2327 746 2359 comis,
773 2328 966 2354 mercatoribus
989 2328 1079 2354 iustus.
1143 2333 1219 2365 Qiae
1234 2332 1303 2358 bona
1317 2329 1456 2357 caelestum
1475 2332 1593 2358 concessu
1611 2331 1704 2358 cuneta
1719 2332 1839 2359 Deorum
1861 2333 1978 2360 Poffidet.
2039 2338 2091 2361 Hoc
2110 2339 2206 2363 nomine

21 2364 194 2392 Sublustrum
207 2364 316 2396 censeri,
330 2364 458 2390 Germani
473 2362 644 2397 negotiatoris
658 2362 694 2388 est
710 2363 766 2389 Cic.
775 2365 828 2390 Att.
843 2372 861 2396 i,
879 2369 901 2393 18
915 2370 982 2389 extr.
1039 2363 1080 2390 Se·
1143 2368 1218 2393 etium
1232 2368 1299 2394 cultu
1313 2367 1344 2402 1ss
1358 2367 1428 2393 Leda
1446 2367 1564 2393 Laetam.
1581 2377 1604 2399 ι,
1617 2375 1649 2395 2¹.
1703 2369 1757 2394 Viil.
1772 2369 1865 2395 Graeu.
1878 2370 2048 2403 Lei‘tflaefiod.
2059 2378 2084 2406 p.
2098 2381 2137 2404 77.
2158 2379 2205 2399 ete.

23 2399 86 2426 leet'i
100 2408 114 2425 e
127 2406 260 2426 conuentu
273 2406 316 2425 aut
329 2398 456 2433 propositi
468 2407 500 2425 ex
512 2398 725 2433 negotiatoribus
738 2399 838 2426 iudices
846 2399 913 2425 nulli
934 2399 990 2426 Cic.
1001 2400 1078 2426 Verr.
1094 2402 1129 2426 60
1143 2404 1270 2439 Spanhem.
1282 2405 1316 2429 ad
1329 2403 1424 2428 Callim.
1441 2403 1520 2429 Dian.
1533 2412 1580 2435 23²—
1608 2410 1631 2428 et
1645 2403 1766 2430 Brouckh,
1780 2406 1814 2429 ad
1830 2404 1938 2431 'sibun‘
1952 2414 1975 2440 ι’
1989 2408 2021 2436 6,
2036 2417 2075 2440 34·
2151 2409 2206 2434 Ma—

24 2443 37 2461 2
49 2444 71 2461 t·
81 2444 111 2467 ¹3·
183 2435 220 2462 ld·
234 2435 299 2461 ibid·
311 2445 332 2468 3,
346 2440 383 2468 138
408 2435 463 2468 Q!i
474 2434 532 2469 PluS
545 2434 677 2461 ssXifflfflet
690 2434 759 2469 apud
773 2435 923 2462 leftiffimos
942 2436 1080 2462 Senatores
1142 2439 1216 2466 crob.
1232 2440 1334 2465 Saturn.
1351 2448 1370 2471 ι,
1384 2447 1410 2464 22
1436 2439 1555 2465 Nemesis
1569 2446 1660 2465 contra
1673 2440 1822 2473 superbiam
1837 2440 1942 2468 colitur.
1999 2443 2062 2468 Sunt
2076 2444 2123 2477 qui
2138 2453 2152 2470 a
2167 2445 2205 2472 di.

26 2470 179 2504 pecuniam,
207 2480 285 2505 quain
298 2470 366 2505 apud
384 2476 436 2497 tres
455 2469 635 2504 negotiatores
655 2477 755 2497 metum
768 2472 865 2498 valere.
936 2471 1079 2506 Improbus
1142 2475 1303 2502 stributione
1317 2474 1452 2501 bonorum
1466 2476 1651 2509 malorumque
1664 2475 1763 2502 dictam
1784 2477 1833 2502 else
1847 2477 1957 2508 volunt,
1982 2486 1997 2503 a
2017 2478 2101 2505 verbo
2120 2488 2205 2513 νεμὲω,

25 2507 189 2540 negotiator,
209 2507 298 2541 paullo
313 2505 435 2541 cupidior
448 2506 603 2540 publicanus
636 2506 674 2533 Id.
689 2508 726 2541 Q
735 2508 755 2533 F
757 2514 806 2534 rat.
823 2517 846 2540 i,
867 2509 902 2534 16.
974 2510 1079 2533 Interim
1142 2511 1170 2538 id
1183 2511 1219 2538 est
1231 2510 1371 2538 distribuo.
1415 2510 1470 2537 Vid.
1483 2511 1610 2546 diligente)
1631 2521 1694 2545 quae
1705 2514 1734 2538 Ae
1748 2512 1852 2539 Neinei'i
1866 2511 2017 2548 t·opiosi]fi7›1e
2028 2514 2122 2549 collegit
2136 2518 2206 2545 Cael.

22 2538 44 2576 q
63 2550 74 2573 3
113 2541 298 2576 Negoti-atores
311 2541 390 2578 postea
402 2543 480 2568 dic‘los
488 2548 534 2576 pro
549 2543 757 2576 mercatoribus,
777 2543 864 2578 nonest
875 2544 983 2570 dubium.
1038 2543 1080 2568 Sic
1141 2557 1178 2580 η,
1191 2557 1229 2579 19·
1387 2543 1408 2584 Ἴ
1430 2556 1442 2573 2
1481 2546 1520 2583 Est
1533 2554 1555 2572 et
1569 2547 1688 2579 Nemetis
1698 2567 1705 2579 ‚
1725 2549 1816 2574 Amica
1828 2548 1952 2583 Tibulli,
1971 2553 2000 2575 de
2014 2560 2062 2584 qua
2078 2551 2127 2586 ipse
2139 2560 2151 2577 2
2160 2572 2168 2584 ‚
2181 2561 2205 2585 3,

21 2577 181 2611 Negotiator
194 2578 290 2604 Metti&
305 2577 426 2604 sordidae
452 2577 586 2611 Qffllffiffl·
601 2589 619 2610 ¹2
633 2588 664 2605 ¹2·
737 2580 937 2614 Mancipiorum
963 2579 1000 2606 ld.
1010 2589 1032 2612 ς,
1045 2587 1077 2604 12-
1095 2581 1126 2610 65
1142 2592 1170 2616 55
1198 2584 1233 2609 Vt
1247 2591 1306 2609 mea
1320 2582 1425 2610 luxuria
1439 2582 1557 2610 Nemetis
1570 2583 1648 2616 fluat,
1674 2590 1755 2617 vtque
1766 2593 1814 2619 per
1826 2585 1920 2612 vrbem
1933 2585 2038 2612 incedat
2052 2586 2129 2613 donis
2143 2597 2204 2614 con-

23 2613 198 2639 Frumentarii
212 2614 391 2648 negotiatores
411 2613 429 2640 l.
444 2623 468 2648 9.
489 2613 548 2649 Dig.
561 2613 593 2640 de
610 2621 692 2641 vacat.
705 2616 822 2642 etexcus.
896 2615 1021 2641 Vestiarii
1036 2623 1080 2640 ne-
1141 2618 1275 2653 spii—fienda
1294 2619 1369 2646 meis.
1440 2618 1558 2646 Martial.
1579 2624 1608 2653 3,
1626 2628 1651 2653 73
1689 2619 1768 2646 Fama
1785 2620 1822 2647 est
1840 2621 1927 2655 arguti
1948 2621 2067 2648 Nemetis
2085 2623 2204 2650 formosa

22 2648 165 2683 gotiatores
189 2649 305 2676 Scaenol.
319 2650 373 2677 ICt.
387 2650 404 2676 l.
418 2660 446 2682 45
465 2650 525 2685 Dig.
541 2650 573 2676 de
586 2660 659 2686 oper.
672 2651 721 2678 lib.
794 2651 957 2685 Negotiator
974 2659 1079 2686 magna·
1139 2655 1248 2682 Catulli,

22 2684 77 2711 rius
89 2684 188 2711 coemit
201 2694 307 2712 omnem
324 2687 427 2712 caseum
439 2692 573 2713 recentem
598 2687 676 2721 Apul.
688 2687 753 2714 Met.
767 2697 774 2714 ι
796 2697 821 2722 p.
833 2696 890 2721 104.
1178 2697 1200 2716 N
1212 2697 1233 2717 Ε
1241 2698 1266 2718 Μ
1276 2697 1293 2717 Ε
1302 2697 1316 2716 S
1325 2697 1335 2717 1
1345 2696 1366 2716 Α
1377 2696 1394 2717 C
1405 2697 1415 2717 1
1425 2711 1433 2724 ,
1451 2699 1540 2718 orum.
1563 2700 1601 2718 m.
1626 2691 1662 2726 pl.
1719 2691 1787 2718 Cod.
1796 2691 1907 2719 Theod.
1915 2702 1950 2728 ¹4,
1956 2702 1979 2726 7,
1987 2702 2000 2719 2
2037 2694 2208 2730 Supeaestitiofi

59 2727 82 2747 N
92 2726 108 2747 Ε
117 2726 138 2747 G
147 2726 166 2748 0
177 2727 199 2748 Τ
208 2729 219 2747 1
228 2728 250 2748 A
263 2728 285 2748 T
297 2729 307 2748 1
316 2728 335 2748 0
349 2742 358 2755 ‚
383 2723 453 2749 <3¹¹1ss-
479 2722 498 2749 f·
544 2723 556 2757 [
570 2724 675 2756 ἒμπῡλῆ,
690 2724 825 2755 ἒμπόεευμα
837 2724 850 2758 ]
907 2724 1078 2748 Mereatur-am
1141 2727 1248 2753 homines
1258 2737 1288 2752 ac
1300 2727 1462 2753 aiuinatores.
1511 2728 1565 2755 Vid.
1583 2727 1728 2760 Gotbofred.
1742 2728 1769 2753 in
1782 2729 1827 2754 loc.

16 2755 153 2791 fignificat.
223 2757 278 2785 Cic.
287 2758 359 2785 Fam.
367 2760 392 2792 6,
406 2764 420 2788 8
448 2759 483 2785 Vt
494 2758 525 2784 ad
540 2759 667 2793 reliquias
682 2758 807 2786 Asiaticae
819 2758 1010 2794 negotiationis
1019 2767 1079 2794 pro-
1091 2768 1123 2792 70
1177 2770 1201 2789 N
1210 2769 1227 2789 E
1236 2770 1261 2789 M
1270 2769 1288 2789 E
1297 2770 1309 2789 3
1319 2770 1341 2789 T
1354 2769 1373 2789 R
1387 2764 1400 2789 1‘
1412 2769 1433 2788 N
1447 2769 1467 2788 v
1478 2769 1490 2788 s
1499 2783 1508 2797 ‚
1527 2764 1546 2790 i.
1565 2772 1600 2791 m,
1637 2766 1704 2790 Deus
1711 2773 1842 2790 nemorum.
1878 2764 1980 2791 Arnob.
1989 2773 2090 2800 4p‚131.
2128 2766 2203 2802 Confi

21 2791 142 2818 ficiscare.
196 2794 263 2821 Adii.
278 2794 312 2821 io‘.
326 2804 367 2829 ¹3,
380 2797 420 2821 66.
492 2794 599 2821 Sueton.
616 2796 690 2830 Vesp.
703 2804 726 2821 c.
742 2797 768 2822 16
795 2795 1000 2830 Negotiationes
1014 2804 1078 2829 quo-
1146 2799 1209 2834 Vqffi
1218 2801 1250 2825 de
1261 2799 1349 2826 ldolol,
1361 2808 1389 2832 2,
1407 2804 1445 2826 02.

22 2836 72 2862 que
86 2827 126 2854 vel
138 2828 245 2862 priuato
267 2830 400 2865 pudendas
420 2830 557 2865 propalam
589 2832 716 2857 exercuit.
789 2831 947 2866 Negotiatio
980 2831 1080 2866 sagaria
1177 2842 1200 2861 N
1211 2842 1262 2861 EM
1272 2842 1288 2862 E
1298 2841 1319 2861 T
1330 2842 1346 2861 E
1357 2842 1370 2861 s
1381 2856 1389 2868 ‚
1407 2844 1461 2861 um.
1482 2843 1518 2861 tn.
1538 2834 1573 2870 pl.
1632 2835 1780 2861 Germaniae
1790 2835 1889 2870 populi,
1904 2835 2001 2861 Galliae
2014 2837 2122 2863 trullum
2139 2838 2204 2865 inco.

21 2863 125 2898 leian-
138 2864 156 2891 l·
169 2873 196 2895 52
216 2862 239 2901 §-
252 2874 271 2899 4
292 2866 352 2901 Dig.
367 2875 418 2901 pro
438 2865 519 2894 socie.
591 2867 750 2902 Negotiatio
766 2867 879 2902 lignaria
898 2868 1012 2902 Capitol.
1022 2868 1079 2893 Per·
1141 2871 1233 2904 lentes,
1254 2872 1321 2897 circa
1336 2872 1444 2897 Rhenum
1451 2871 1574 2906 fluuium,
1588 2872 1631 2897 vbi
1645 2871 1714 2896 hodie
1726 2870 1758 2906 est
1771 2871 1846 2905 Spira
1858 2872 1932 2905 vrbs,
1952 2872 2018 2897 inter
2029 2875 2203 2906 Argentiaam

20 2899 68 2927 tin.
81 2909 103 2926 c.
114 2909 131 2927 1.
203 2900 360 2936 Negotiatio
375 2902 410 2929 est
418 2921 427 2934 ,
447 2910 502 2928 non
515 2902 647 2936 amicitia,
668 2912 736 2937 quae
748 2903 780 2929 ad
793 2905 965 2931 commodum
979 2903 1080 2930 accedit
1140 2914 1166 2934 et
1177 2907 1336 2942 Moguntiam
1343 2907 1407 2940 sita.
1464 2908 1585 2933 Meminit
1599 2910 1682 2932 horum
1695 2907 1766 2933 Caes.
1777 2906 1840 2933 Bell.
1849 2907 1917 2934 Gall.
1926 2916 1946 2941 ι,
1961 2917 1995 2938 52·
2020 2915 2044 2933 et
2059 2904 2160 2945 Plin.4‚
2169 2919 2202 2942 17.

22 2936 80 2962 Sen.
93 2935 169 2970 Epist.
183 2947 206 2970 9·
1096 2947 1124 2971 75
1182 2950 1205 2969 N
1217 2949 1233 2970 E
1242 2951 1267 2970 M
1278 2949 1295 2969 E
1304 2949 1326 2969 T
1337 2951 1355 2970 ν
1364 2949 1384 2969 R
1396 2950 1405 2969 1
1417 2949 1435 2969 c
1447 2949 1504 2975 vs,
1525 2951 1554 2975 a,
1574 2952 1628 2969 um.
1666 2942 1724 2968 Adi.
1762 2950 1791 2967 vt
1800 2963 1809 2975 ‚
1828 2943 1874 2969 Pix
1887 2944 2062 2972 Nemeturica
2095 2947 2200 2972 Colum.

56 2979 77 2998 N
90 2977 137 2998 EG
146 2978 165 2998 O
178 2978 200 2999 T
212 2979 222 2998 1
236 2979 258 2999 A
271 2979 293 2999 Τ
305 2978 325 2999 R
339 2980 396 3007 ix,
414 2973 472 3000 icis.
490 2973 510 3000 f.
547 2974 618 3001 Paul.
629 2975 683 3001 ICt.
697 2975 752 3007 l.32
764 2973 787 3012 ᾗ.
797 2986 809 3008 4
834 2975 866 3002 de
879 2976 953 3003 Auro
965 2984 1018 3010 arg.
1028 2976 1079 3010 leg.
1141 2988 1175 3013 12,
1190 2987 1234 3012 20,
1247 2989 1268 3012 3.
1306 2979 1337 3005 it.
1353 2989 1390 3015 22,
1406 2989 1412 3005 ι
1428 2986 1451 3004 et
1464 2988 1500 3012 24,
1515 2988 1533 3004 i.
1555 2979 1599 3004 vbi
1611 2978 1640 3004 in
1651 2978 1761 3012 Liguria
1773 2978 1868 3005 confici
1882 2982 2003 3006 nvtritor.

21 3007 88 3034 Cum
103 3007 220 3034 testatrix
233 3009 395 3043 negotiatrix
408 3009 499 3037 fuerit.
570 3011 688 3038 Tertull.
701 3011 802 3039 aduers.
817 3012 900 3039 Marc.
913 3021 942 3045 2,
956 3022 967 3044 3
1002 3013 1080 3038 Boni·
1178 3022 1201 3041 N
1210 3021 1226 3041 E
1237 3022 1260 3042 M
1271 3022 1312 3042 1N
1321 3022 1331 3041 ι
1340 3022 1377 3049 Α,
1399 3024 1436 3041 ae.
1463 3014 1482 3041 f.
1520 3014 1590 3040 Fons
1603 3014 1640 3040 est
1654 3014 1682 3040 in
1694 3023 1760 3049 agro
1775 3015 1899 3049 Reatino,
1919 3016 1997 3042 vario
2010 3020 2071 3042 ortu
2081 3023 2200 3042 annonae

21 3050 58 3070 tas
72 3043 218 3079 apparituri
234 3044 298 3070 boni
313 3045 481 3079 negotiatrix.
1143 3052 1319 3078 mutationem
1332 3051 1476 3085 fignificans
1503 3049 1568 3077 Plin.
1582 3059 1604 3081 2,
1620 3059 1668 3082 103.

15 3090 17 3092 ·
55 3086 103 3119 Nifi
112 3085 163 3119 Go
178 3086 200 3106 T
213 3085 283 3106 ιΑΤ
294 3086 313 3107 0
322 3087 342 3106 R
352 3089 362 3108 1
372 3087 391 3106 V
403 3087 431 3114 s,
451 3089 464 3106 a
473 3102 481 3115 ‚
501 3090 556 3108 um.
598 3082 658 3110 Adi.
705 3091 751 3119 vt,
775 3083 865 3111 Naues
885 3084 1080 3119 negotiatoriae
1179 3094 1202 3114 N
1211 3093 1227 3113 ε
1236 3094 1291 3114 Mo
1301 3108 1309 3120 ‚
1331 3087 1391 3113 inis.
1411 3096 1432 3113 c.
1469 3084 1559 3120 [datin
1579 3087 1672 3122 μηδές]
1716 3086 1821 3121 Festus,
1839 3087 1930 3114 Nemo
1942 3086 2115 3121 compositum
2127 3085 2202 3113 vide-

15 3114 126 3153 .V⁰P¹s⁰·
140 3124 170 3141 ¹¹¹
183 3116 267 3142 Fifm·
281 3123 305 3142 ‘f
319 3116 421 3144 saturn·
437 3126 459 3144 c·
468 3127 489 3150 3-
1096 3123 1129 3147 80
1143 3129 1187 3150 tur
1199 3132 1230 3150 cx
1245 3123 1288 3150 Ne
1301 3130 1327 3149 et
1341 3123 1432 3149 Homo
1441 3142 1449 3155 ,
1475 3122 1548 3156 quod
1560 3121 1683 3149 firmatur
1695 3123 1794 3158 magis,
1819 3124 1879 3157 quia
1892 3123 1920 3148 in
1934 3123 2042 3157 persona
2073 3124 2115 3155 th.
2128 3132 2149 3148 e.
2171 3124 2202 3148 de

63 3155 86 3175 N
98 3156 115 3176 E
125 3157 146 3177 G
154 3157 173 3177 ο
181 3157 221 3179 ΤΙ
231 3158 254 3179 Ν
265 3158 287 3178 V
295 3158 320 3178 M
328 3159 353 3178 M
365 3159 376 3179 1
389 3160 410 3179 v
420 3161 432 3179 3
447 3174 456 3187 ,
480 3162 495 3180 a
507 3175 516 3187 ,
542 3163 597 3181 um.
658 3156 750 3181 Numos
769 3156 899 3191 acquirens
908 3178 917 3191 ,
948 3157 992 3182 vel
1004 3156 1084 3182 Numi
1139 3159 1268 3194 persona)
1287 3159 1388 3193 semper
1400 3158 1527 3193 ponitur,
1546 3168 1595 3185 nec
1609 3159 1746 3193 pluraliter
1758 3158 1871 3186 formari
1885 3158 1962 3184 solet:
2000 3158 2061 3192 quia
2073 3157 2203 3193 intelligi·

26 3183 97 3218 causa
111 3186 187 3213 dutus.
241 3188 318 3223 Apul.
338 3189 403 3216 Met.
423 3198 451 3216 lo
469 3199 494 3225 p.
507 3196 568 3224 248,
586 3192 615 3224 36
654 3190 841 3218 Aduentorum
868 3193 1081 3228 negotinumrnia
1143 3201 1187 3221 tur
1202 3204 1251 3229 pro
1265 3195 1349 3221 nullo.
1406 3196 1455 3220 Sed
1467 3202 1548 3220 tamen
1564 3195 1635 3221 diem
1647 3195 1782 3221 neminem
1796 3195 1864 3220 dixit
1883 3194 2005 3220 Prudent.
2020 3195 2132 3220 Roman.
2147 3203 2202 3227 744.

27 3218 133 3247 bafi0¹³¹·
1143 3230 1220 3265 Virg.
1236 3234 1301 3257 Aen.
1314 3239 1341 3264 9,
1354 3232 1370 3256 6
1402 3231 1491 3258 Nemo
1506 3229 1614 3257 diuum:
1651 3232 1694 3256 vbi
1706 3232 1830 3264 Seruius,
1850 3231 1926 3255 Nemo
1939 3238 1989 3264 pro
2004 3229 2092 3255 Nullus
2103 3230 2204 3263 posuit,

43 3290 48 3295 .
62 3261 86 3280 Ν
97 3261 236 3296 ΕΘνΜᾼ
245 3264 291 3286 ΤΕ
310 3259 340 3287 in
359 3262 477 3289 carmine
491 3262 542 3290 Cn.
556 3262 651 3289 Marcii
665 3262 733 3290 vatis
746 3262 873 3298 fignificat
883 3264 986 3300 Negate
995 3285 1002 3297 ‚
1021 3272 1081 3290 cuin
1143 3272 1170 3292 et
1182 3266 1218 3292 est
1231 3267 1398 3301 Acyrologia.
1454 3266 1524 3293 Nam
1537 3267 1623 3293 a'iui‘t'm
1636 3276 1702 3293 nemo
1722 3275 1778 3294 noti
1791 3267 1921 3301 postumus
1936 3265 2039 3298 dicere,
2065 3275 2125 3292 cuin
2139 3275 2202 3300 pro-

25 3291 229 3332 ²¹t‚,‚Q⁸¹¹¹¹¹¹⁵
240 3297 407 3324 mouentium
420 3298 541 3326 duonum
554 3305 712 3334 negumate,
731 3299 828 3326 Festus.
902 3302 1015 3336 Scaliger
1024 3301 1082 3326 inde
1099 3304 1127 3328 85
1144 3301 1202 3337 prie
1216 3312 1283 3329 nemo
1296 3302 1326 3329 fit
1339 3313 1381 3329 nec
1393 3304 1466 3330 bomo.
1522 3303 1610 3337 Magis
1624 3311 1683 3338 ergo
1694 3304 1794 3338 proprie
1810 3302 1889 3328 Vitiis
1909 3301 1997 3327 Nemo
2015 3300 2067 3328 fine
2085 3302 2202 3329 nascitur

26 3335 128 3352 ‘mmm
1146 3339 1214 3365 Hor.
1227 3338 1276 3365 Sat.
1287 3350 1304 3371 ι,
1317 3349 1338 3372 3,
1351 3340 1391 3369 68.
1463 3338 1535 3366 Ter.
1549 3340 1615 3365 Eun.
1629 3347 1652 3371 3,
1666 3346 1680 3370 ς
1689 3359 1697 3371 ,
1711 3347 1734 3371 ¹3
1765 3338 1791 3364 Ο
1804 3337 1882 3364 festus
1894 3336 1949 3362 dies
1964 3336 2097 3371 hominis,
2117 3338 2203 3364 amice

62 3369 85 3389 N
95 3368 113 3388 Ε
122 3369 173 3389 GV
184 3369 242 3404 No·
255 3366 298 3390 vel
315 3373 472 3397 NEGiNo
489 3372 592 3398 verbum
604 3378 652 3407 pro
664 3371 745 3406 Nego
751 3391 761 3404 ,
785 3378 814 3397 vt
828 3371 957 3398 Natinare
970 3377 1016 3405 pro
1029 3371 1083 3397 Na·
1144 3374 1227 3401 salue:
1265 3383 1345 3402 nemo
1360 3375 1411 3407 est,
1437 3383 1516 3408 quem
1533 3384 1583 3409 ego
1604 3375 1686 3409 magis
1706 3384 1774 3400 nunc
1793 3381 1915 3407 cuperem
1930 3372 2039 3406 videre,
2069 3382 2150 3409 quam
2167 3380 2201 3401 te.

26 3403 82 3425 tare
96 3407 103 3428 ;
144 3405 168 3424 et
192 3399 270 3441 legtt,
298 3402 425 3434 Qamuis
442 3406 589 3434 induitium
619 3408 771 3443 (initium)
797 3407 918 3435 ditonum
945 3407 1082 3441 (bouum)
1144 3410 1234 3437 Nemo
1248 3410 1319 3438 intus
1335 3411 1386 3444 est,
1411 3412 1464 3436 vicl.
1482 3417 1491 3437 1
1503 3418 1524 3437 Ν
1533 3417 1582 3437 TV
1595 3420 1617 3437 s.
1692 3410 1780 3437 Nemo
1793 3409 1876 3435 adhuc
1889 3409 2035 3436 conuenire
2048 3419 2090 3436 me
2105 3409 2203 3443 voluit,

28 3440 157 3469 negunate
169 3441 244 3469 porro
257 3437 428 3470 vastaturum.
1145 3446 1188 3472 cui
1201 3446 1300 3473 fuerim
1314 3451 1455 3481 occupatus
1482 3445 1580 3473 Cic.de
1594 3445 1694 3473 Sene&
1708 3454 1743 3478 32.
1818 3445 1907 3471 Nemo
1920 3444 2005 3471 adhuc
2028 3445 2201 3478 Scribon.171.

308 3475 338 3505 N
387 3478 414 3508 E
462 3481 495 3512 H
557 3491 587 3515 et
647 3483 677 3515 N
729 3484 755 3515 E
805 3484 819 3515 Ι
1097 3490 1132 3516 90
1144 3483 1252 3516 Nemo,
1270 3481 1369 3509 Nullius
1381 3481 1461 3518 pretii
1475 3484 1549 3508 homo.
1605 3483 1661 3508 Cic.
1674 3484 1725 3508 Att.
1739 3490 1761 3514 7,
1776 3490 1787 3514 3
1814 3479 1912 3507 Sedrne
1926 3488 2048 3508 mouerat
2060 3489 2203 3513 nemorna-

46 3532 50 3536 ·
1144 3518 1200 3553 gis,
1226 3527 1305 3553 quarn
1323 3519 1361 3551 is,
1375 3528 1455 3553 quem
1473 3525 1503 3545 tii
1521 3518 1654 3545 neminem
1668 3523 1748 3551 putas.
1820 3516 1910 3543 Nemo
1932 3516 2033 3553 horno,
2060 3526 2107 3554 pro
2126 3519 2203 3556 Nento

61 3550 86 3584 Ν
95 3549 142 3569 ΕΗ
151 3549 173 3570 Α
188 3549 206 3569 L
218 3549 235 3569 Ι,
245 3550 263 3570 Ε
272 3549 296 3570 Ν
306 3550 329 3570 Ν
341 3552 350 3586 ι
362 3551 385 3572 Α
394 3567 403 3579 ,
422 3555 461 3575 ae.
486 3551 506 3577 t‘.
561 3554 618 3579 Dea
631 3554 815 3589 nauigantium.
843 3555 872 3580 V.
885 3555 907 3581 Ι.
922 3554 954 3580 G.
973 3553 1082 3587 Keysler.
1144 3555 1249 3581 omnino.
1307 3554 1376 3581 Ter.
1392 3554 1510 3581 Eunuch.
1525 3564 1546 3587 3,
1560 3562 1583 3587 ς,
1597 3564 1602 3580 ι
1624 3552 1756 3587 Numquis
1765 3551 1808 3578 hic
1816 3552 1868 3579 est?
1894 3562 1974 3579 nemo
1987 3553 2039 3580 est:
2075 3561 2202 3587 numquis

30 3578 134 3613 Dtfflrt.
154 3580 184 3605 de
197 3579 362 3606 Nehaumma
382 3584 480 3610 numine
491 3594 600 3614 veterum
624 3591 825 3621 Walacbiorum,
842 3589 871 3615 in
889 3589 975 3616 Selel‘l.
989 3589 1082 3623 Antiq.
1144 3589 1208 3617 hinc
1221 3599 1264 3616 me
1279 3590 1413 3624 sequitur?
1443 3599 1523 3616 nemo
1542 3590 1624 3616 homo
1638 3588 1681 3615 est.
1754 3588 1809 3614 Cic.
1826 3589 1898 3616 Fam.
1915 3598 1953 3622 ις,
1974 3598 2001 3615 ιο
2035 3590 2126 3616 Frater
2143 3596 2203 3615 tuus

31 3614 154 3648 S‘Pffmr·
171 3622 196 3641 ‘²‘
210 3616 280 3656 (Ἀθ,
363 3640 365 3643 -
1144 3626 1238 3660 quanti
1252 3635 1294 3652 ine
1308 3626 1402 3659 faciat,
1422 3627 1576 3661 semperque
1588 3624 1698 3656 fecerit,
1716 3624 1765 3650 effe
1779 3623 1917 3651 hominem
1931 3624 1977 3659 qui
1990 3625 2111 3660 ignorat,
2133 3623 2203 3650 arbi-

68 3653 92 3675 Ν
105 3656 142 3676 131
152 3657 219 3682 ΤΗ»
240 3651 382 3686 Mmessffl,
402 3654 592 3689 Aegyptiorum
603 3660 692 3696 lingua
704 3660 806 3688 Arnob.
821 3669 848 3695 4.
1097 3670 1127 3696 95
1144 3669 1203 3689 tror
1217 3662 1363 3688 neminem.
1443 3663 1477 3688 Vt
1492 3662 1628 3687 hominem
1641 3658 1775 3686 neminem
1787 3659 1872 3695 pluris
1888 3661 1983 3687 faciam
2013 3661 2070 3687 Cic.
2085 3661 2156 3687 Fam.
2171 3667 2204 3692 13,

432 3694 461 3723 N
538 3696 567 3725 E
621 3706 625 3709 ⁴
637 3700 666 3730 [t
1146 3705 1184 3731 55·
1256 3699 1345 3725 Nemo
1360 3697 1500 3724 hominunl
1509 3717 1516 3729 3
1554 3705 1579 3719 ro
1594 3697 1670 3720 Nemo
1683 3696 1797 3722 omniun).
1851 3696 1920 3723 Ter.
1935 3697 2002 3722 Eun.
2009 3707 2032 3729 4,
2046 3699 2077 3729 6,
2090 3705 2116 3729 19
2147 3695 2203 3728 Ego

1146 3733 1355 3760 formidolosus?
1394 3742 1474 3760 nemo
1486 3733 1522 3758 est
1553 3731 1675 3757 ominum
1690 3731 1736 3766 qui
1750 3731 1840 3764 viuat,
1860 3732 1958 3759 minus.
2032 3732 2122 3758 Nemo
2133 3738 2205 3757 moi·-

66 3761 232 3800 NELEvs,
253 3760 286 3788 ei·
307 3771 343 3789 ¹²¹·
378 3762 509 3798 [Νῆλῑῦς]
547 3765 661 3798 Ηθῖῇῑῐΐ
681 3769 709 3794 ¹'n
721 3771 800 3804 Pylo,
820 3770 880 3807 teste
893 3771 997 3796 Homero
1015 3768 1043 3794 in
1063 3777 1084 3795 ιι
1148 3770 1241 3796 talium
1268 3770 1334 3797 Plin.
1348 3779 1373 3802 7,
1385 3779 1432 3803 40.
1458 3767 1554 3794 .Ce1s.i
1570 3767 1652 3800 praef.
1725 3768 1780 3793 Cic.
1794 3767 1877 3794 Tusc.
1892 3776 1912 3800 t,
1925 3777 1956 3801 30
1985 3767 2074 3794 Nemo
2083 3766 2205 3802 omnium

34 3791 120 3830 Ofiyffi
133 3793 218 3834 bfbfsst
231 3804 331 3824 vxorem
345 3801 470 3833 Chlorim,
490 3809 520 3824 ex
534 3809 584 3833 qim
595 3803 682 3834 genuit
694 3806 832 3840 Nestorem,
851 3807 895 3840 qui
906 3816 922 3831 a
934 3805 1018 3831 Poetis
1031 3804 1086 3832 Ne·
1149 3811 1201 3831 tam
1215 3805 1244 3832 fit
1258 3805 1471 3838 immanis,cuius
1485 3809 1600 3828 mentem
1608 3811 1661 3829 non
1676 3802 1805 3831 imbuet-ii
1819 3803 1932 3830 deorum
1952 3803 2056 3837 opinio.
2111 3803 2204 3827 Omni-

33 3825 114 3853 leldes
127 3829 229 3868 dffgtur·
300 3834 392 3861 Pascua
406 3835 518 3862 herbosa
532 3835 611 3862 Nelei
637 3837 717 3865 Ouid.
731 3842 794 3868 Met.
808 3850 834 3874 2,
847 3845 908 3875 690.
1093 3849 1140 3867 100
1148 3850 1194 3867 um
1207 3840 1349 3868 hominum
1366 3841 1499 3867 neminem
1519 3837 1589 3864 facio
1610 3839 1694 3873 pluris
1727 3839 1765 3865 id.
1780 3841 1863 3871 Δίας,
1875 3847 1896 3865 2.
1969 3838 2007 3865 Id.
2027 3838 2059 3864 de
2070 3837 2128 3863 Fin.
2144 3843 2169 3866 i,
2184 3842 2203 3858 ιι

70 3869 119 3889 NE
130 3869 147 3889 [-
159 3870 176 3889 E
185 3870 227 3904 v-‘s
237 3886 245 3898 ‚
265 3876 295 3908 a,
314 3879 368 3897 um.
386 3871 443 3899 Adi.
466 3872 588 3906 [Nniaaoc]
611 3872 690 3898 Ouid.
698 3874 762 3902 Met.
770 3878 843 3909 =5‚418
864 3879 895 3904 Et
910 3877 993 3904 Nelea
1001 3876 1087 3909 Pylos,
1149 3877 1229 3910 Qiod
1242 3884 1267 3904 et
1281 3878 1375 3912 scripta
1388 3876 1469 3902 multa
1483 3874 1558 3906 sunt,
1577 3873 1610 3900 fic
1626 3882 1655 3900 vt
1668 3875 1742 3908 plura
1755 3876 1857 3901 nemini
1870 3884 1885 3901 e
1897 3874 2001 3900 nostris.
2073 3871 2161 3908 Nemo
2172 3876 2204 3894 ΕΚ

32 3906 80 3924 ¹¹²⁶
93 3897 177 3938 adhuf
184 3900 295 3940 thesfl
304 3905 441 3934 Troezen·
497 3907 570 3935 Idem
579 3909 642 3934 Mess
651 3917 684 3940 ¹22
693 3916 733 3938 558
754 3911 831 3938 Nelei
840 3913 974 3947 sanguinis
983 3911 1086 3939 auotor.
1150 3912 1201 3939 hoc
1215 3922 1328 3940 numero
1341 3912 1409 3938 mihi
1425 3919 1479 3936 non
1498 3908 1606 3936 donatus
1619 3910 1705 3936 abibit
1735 3911 1808 3944 Virg.
1825 3911 1889 3937 Aen.
1905 3918 1917 3942 ς
1926 3930 1934 3942 ,
1953 3918 2007 3941 305.
2079 3906 2134 3943 CR]-
2155 3911 2204 3944 9¹¹0

71 3940 94 3960 Ν
106 3941 172 3961 ELE
183 3942 192 3961 1
203 3941 224 3961 V
234 3943 263 3969 S,
281 3949 313 3971 ἃ,
332 3951 386 3969 uin.
422 3944 507 3970 Aliud
524 3944 582 3970 Adi.
620 3943 762 3979 [Νηλέως]
815 3948 897 3975 Ouid.
919 3947 997 3983 Epist.
1013 3957 1040 3982 1,
1059 3950 1087 3981 63
1151 3949 1228 3975 Font.
1241 3959 1254 3980 5
1279 3949 1369 3975 Nemo
1383 3946 1418 3972 est
1429 3954 1460 3971 ex
1475 3951 1549 3972 tanto
1563 3954 1693 3978 numero,
1720 3955 1784 3979 quin
1804 3946 1873 3972 hunc
1894 3945 1994 3980 optime
2007 3942 2038 3968 de
2051 3947 2205 3975 prouincia,

35 3967 93 3996 NOS
108 3970 190 4010 Pylffn
201 3974 303 4009 antiqui
317 3977 413 4005 Neleia
427 3979 547 4006 Nestoris
561 3988 624 4006 arua
644 3979 772 4006 Misimus
1151 3984 1184 4011 de
1202 3985 1333 4019 imperio,
1360 3981 1391 4007 de
1413 3981 1505 4014 sociis,
1531 3988 1557 4008 et
1577 3981 1680 4007 ciuibus
1700 3982 1825 4007 mci-itum
1839 3982 1887 4008 csse
1900 3980 2051 4017 arbitretur.
2124 3975 2204 4016 Plaut.

71 4011 118 4033 ΝΕ
128 4012 161 4032 Li
174 4012 257 4045 DES,
276 4019 315 4040 ae.
339 4023 375 4042 m.
411 4016 560 4048 Patronym.
598 4016 743 4050 [Νηλιὲὀης]
791 4026 806 4041 a
818 4016 904 4046 Neleo
918 4021 977 4055 Pyli
989 4029 1047 4056 rege
1065 4026 1139 4050 tt105
1152 4020 1247 4056 Amph.
1266 4029 1288 4053 i,
1302 4028 1328 4050 i,
1342 4023 1367 4049 83
1401 4017 1449 4043 Sed
1471 4017 1562 4052 fugam
1581 4018 1609 4045 in
1623 4017 1649 4044 se
1668 4025 1747 4044 nemo
1761 4024 1849 4045 tamen
1862 4018 2036 4044 conuertitur.
2099 4011 2205 4071 Δὶιζιὲἷῖιιιζτ

82 4069 83 4072 ,
1310 4055 1333 4081 G
1347 4062 1363 4088 g
1376 4061 1391 4088 g
1417 4060 1433 4079 2
2128 4060 2134 4069 ⁴
2197 4064 2205 4076 5
