2517 4231
61 251 130 291 753
457 231 724 273 PEL
1572 236 1838 279 PEL
2160 265 2232 304 754

61 338 83 362 3,
95 331 155 362 708·
225 322 403 350 Committere
414 328 497 363 ratem
510 322 579 350 truci
592 322 693 357 pelago*
703 320 779 348 Hor.
792 319 884 360 Carm.
898 328 918 352 1,
932 329 953 360 ς,
966 328 996 347 n.
1066 320 1116 347 De·
1211 329 1230 350 1·
1238 328 1256 349 ιε
1268 328 1285 348 1.
1296 329 1306 349 ι
1320 328 1338 350 t>
1349 329 1367 349 r
1376 328 1389 350 s
1400 346 1409 359 ‚
1428 319 1483 367 agia.
1503 333 1518 353 p
1527 331 1544 353 Ε
1554 332 1571 352 1.
1578 332 1599 352 Ε
1607 333 1628 354 v
1638 333 1661 353 s.
1720 364 1724 370 Ι
1886 364 1893 371 .
1909 365 1915 370 ·

61 364 166 390 mttere
184 365 277 394 aperto
297 359 390 394 pelago
415 359 490 393 V1rg.
503 360 568 384 Aen.
583 366 608 398 ς,
620 367 667 384 212.
776 355 898 381 Desaeuit
917 355 1001 382 hiems
1021 356 1115 392 pelago
1215 364 1232 384 Ρ
1244 363 1285 383 ῐ-ῑῐ.
1296 364 1334 384 [G
1348 365 1370 385 N
1382 368 1408 395 1,
1432 370 1520 388 orum.
1548 371 1593 403 m.-
1618 364 1723 403 ¹Populi
1734 363 1833 406 Marso(
1840 365 1964 400 finmmt',
1981 375 2082 401 quorum
2095 378 2234 410 metropoli,-

60 398 133 426 Idem
146 395 212 422 ibid.
226 406 250 430 4,
262 403 301 425 52.
373 394 423 421 Dat
438 394 497 421 vela
511 400 610 428 patenti
623 392 716 428 pelago
730 390 822 417 volans
840 390 913 417 Idem
927 392 1026 425 Georg.
1040 401 1065 425 2,
1078 402 1115 426 ⁴¹·
1176 393 1209 430 est
1221 393 1315 426 Sulmo,
1333 396 1408 430 vrbs,
1435 406 1465 422 ex
1476 408 1526 432 qua
1540 398 1656 426 Ou1d1us
1674 402 1752 426 duxit
1766 410 1902 436 originem,
1937 403 2030 429 Amor.
2045 415 2065 436 3,
2080 417 2111 437 ις,
2127 417 2139 438 ,3
2166 413 2231 438 pen,

61 435 155 461 Errare
170 431 262 466 pelago
283 429 355 456 Idem
371 431 435 457 Aen.
450 440 471 464 3,
485 439 539 463 ²0⁴·
612 428 737 466 Euersttm
752 426 858 461 pelagus
872 426 966 454 infimo
979 427 1036 455 solo
1056 428 1116 455 Sen.
1176 437 1243 464 gnae
1257 429 1341 461 gentis
1354 431 1439 471 gloria
1454 432 1526 459 dicar
1539 443 1598 468 ego.
1669 435 1784 463 Martial.
1801 445 1831 468 13,
1845 445 1879 464 121
1900 437 2000 464 Massica
2016 440 2115 475 Peligni
2127 446 2234 474 mittunt

60 470 148 504 Agam.
169 468 195 493 6.
268 466 364 492 Feruct
381 465 494 492 dubium
506 465 612 500 pelagus
636 463 712 505 Iden}
731 462 802 489 Med.
826 471 862 489 ιο.
925 464 1029 504 feruet
1046 464 1116 491 aestu
1141 473 1154 496 5
1177 464 1400 506 ‘¹¹¹b2‘?.⁰0¹0!¹¹³
1420 474 1464 507 etc,
1535 470 1636 496 Festus:
1658 471 1759 506 Peligni
1775 480 1808 512 cit
1822 472 1934 504 Illyrico
1952 475 2069 508 profecti
2084 477 2139 505 sunt
2154 481 2235 509 duem

61 505 164 539 pelagus
194 501 251 529 Cic„
271 501 303 528 de
317 502 391 528 Orat,
407 512 428 536 3,
442 511 479 533 ¹55
500 511 521 528 ς,
536 509 572 533 39.
610 500 648 524 Ex
665 499 749 524 Poeta.
846 499 944 526 Prcmxt
962 508 1035 526 mare
1052 508 1116 526 arua
1177 499 1292 526 Vollinu
1310 509 1396 535 rcgts,
1413 512 1455 528 cui
1477 512 1624 538 cognomen
1639 506 1751 533 Lucullo
1771 508 1838 541 fuit,
1858 514 1884 535 et
1903 516 2003 544 partem
2018 511 2109 538 Italiae
2127 522 2236 549 occupa-

61 539 151 575 pelago
170 537 246 572 Virg.
263 539 327 564 Aen.
341 547 359 570 1,
373 546 430 567 250.
537 533 664 562 Retundit
677 534 782 571 pelagus
795 534 891 561 Boreas
918 535 1015 563 Lucan.
1029 544 1051 566 5,
1063 536 1116 562 601.
1177 541 1248 562 runt.
1304 536 1334 561 Ei
1349 537 1402 564 duo
1418 547 1526 573 nepotes
1543 541 1660 572 fuerunt,
1681 543 1801 577 Pacinus,
1820 552 1835 570 a
1851 554 1904 580 quo
1919 546 2065 573 Pacinate32
2085 555 2111 574 et
2126 549 2237 583 penem,

62 576 98 601 Vt
110 574 214 610 pelagus
229 573 360 600 Tenuere
375 581 442 601 rates
466 573 540 606 Virg.
556 572 621 597 Aen.
635 578 658 602 ς,
672 575 695 599 8.
893 568 914 609 fi
941 579 958 598 2
1005 573 1031 598 A
1048 570 1116 607 pela-
1176 580 1192 597 a
1210 580 1264 605 quo
1278 571 1389 606 Peligni.
1464 577 1530 601 Acer
1552 577 1673 609 Pelignus
1700 580 1745 605 Sil.
1761 584 1783 611 8,
1798 589 1846 612 5¹²-
1917 581 2015 616 Aquofi
2042 582 2124 610 Ouid.
2143 586 2236 613 Amor·

58 620 106 646 gus
120 611 216 637 Neutro
235 608 267 645 est
282 610 321 635 Pl.
345 610 435 643 Pelage
454 607 558 634 Lucret.
573 613 596 639 ς,
612 607 639 637 36
1179 615 1202 641 2,
1217 616 1235 639 1,
1251 616 1268 633 1.
1340 608 1461 635 Salubres
1488 611 1560 637 Idem
1576 612 1639 639 ibid.
1653 623 1675 646 2,
1690 617 1727 645 16.
1742 624 1775 647 37-

375 643 450 677 03Ῐά
470 642 585 675 denique
603 641 700 667 obesset
1131 648 1161 668 '0
1218 649 1234 669 Ρ
1244 648 1334 669 ¹3th
1346 650 1369 669 N
1380 651 1400 670 V
1411 652 1423 670 S
1433 665 1439 677 ‚
1460 654 1490 678 ὃ,
1510 655 1563 672 um.
1601 648 1660 675 Adi.
1721 651 1809 677 l'raela
1827 652 1942 680 Martial.
1958 663 1976 688 1,
1990 663 2037 682 110.
2094 655 2166 682 Arua
2179 665 2237 691 per-

167 681 279 715 Propter
298 680 462 707 Atlantaeum
481 677 559 711 litus,
580 677 722 711 pelageque
741 678 844 711 seuera,
1177 684 1300 705 ertantur
1318 679 1425 714 Peligna
1446 681 1612 715 liquentibus
1632 684 1708 710 vndis
1740 686 1821 713 Ouid.
1836 691 1928 716 Amor.
1940 697 1963 723 2,
1981 692 2017 724 16,
2031 698 2054 724 ς.
2126 691 2238 727 Frigora

166 717 231 749 Quo
248 725 332 751 neque
348 714 435 742 noster
446 712 502 740 adit
514 713 671 747 quisquam,
692 723 739 740 nee
753 713 881 740 Barbarus
896 713 994 741 audet?
1177 714 1246 740 Hor.
1261 714 1350 741 Carm.
1365 725 1386 751 3,
1401 724 1436 748 19,
1450 726 1472 748 7.
1546 719 1599 744 Rus
1621 719 1702 746 Ouid.
1718 722 1809 748 Amor.
1824 732 1846 755 ε,
1861 726 1896 758 16,
1910 733 1928 752 1,

59 753 100 779 Sic
119 753 146 785 6,
159 754 204 786 619
231 753 263 778 At
274 751 364 786 pelage
378 750 477 781 multa,
497 754 523 776 et
537 749 587 776 late
601 749 727 777 substrata
743 749 872 776 videmus.
1216 756 1232 775 P
1245 755 1262 776 Ε
1276 756 1291 776 L
1304 757 1313 776 1
1325 756 1395 785 οΝ,
1417 752 1435 778 1.
1457 761 1483 778 11.
1521 752 1647 788 [Πῆλωμ]
1684 758 1758 782 Mons
1773 758 1917 793 'I‘beffleliaa
1955 761 2053 788 Lucan.
2067 764 2092 795 6,
2108 764 2149 795 336
2167 763 2238 795 mum

97 786 352 817 YELAchvs,
370 793 401 819 a,
426 793 481 812 11111.
519 785 578 811 Adi.
617 784 782 820 [mammis]
818 786 896 820 ,Qud
912 785 939 810 in
958 785 1025 810 mari
1040 785 1117 818 vinis,
1178 784 1244 825 illinc
1254 786 1293 818 fic
1312 786 1430 821 describit
1447 788 1584 822 Thcffliliae
1602 791 1724 825 reypellu,
1750 793 1819 819 Cum
1840 802 1886 828 per
1906 796 2005 823 summa
2024 798 2081 832 poli
2099 792 2238 826 Phoebum

51 823 107 857 ſsue
145 824 193 849 uod
204 821 236 858 est
253 831 284 847 ex
300 821 374 847 mari.
473 820 605 849 Columel.
621 827 645 852 8,
659 830 692 854 17,
706 830 730 853 ¹4
756 820 861 846 Caeteri
882 827 970 846 autem
990 820 1159 854 saxatilcs‚=¹5
1176 820 1259 860 trahit
1272 822 1352 853 altior
1364 822 1459 856 aestas,
1485 824 1577 850 Pelion
1595 824 1709 860 opponit
1724 828 1804 854 radiis
1823 830 1987 858 nascentibus
2001 834 2116 861 vmbras.
2189 830 2241 862 Sel

56 864 102 885 aut
114 824 234 893 ffiagici,
254 857 313 884 satis
325 865 357 882 ex
371 855 422 889 his,
440 856 483 883 sed
497 865 529 882 ex
548 856 698 884 recentibus
711 856 805 882 melius
818 856 966 889 pascuntur.
1178 856 1259 883 Ouid.
1280 857 1344 884 Fast.
1363 865 1448 891 5,1381
1485 859 1577 886 Pelion
1597 861 1744 888 Aemoniae
1764 872 1840 889 mons
1860 866 1895 892 est
1916 867 2043 894 obuersus
2064 870 2093 896 in
2112 871 2240 907 Austros,

93 899 110 920 P
123 899 141 920 E
153 899 170 919 L
182 899 205 920 A
215 899 285 920 le
295 899 323 925 s,
342 901 370 925 a,
395 901 451 918 um.
488 892 572 918 Aliud
585 892 645 922 Adi.
682 892 832 926 [πελάγιος]
870 893 945 918 Idem.
984 891 1071 918 Varro
1085 891 1118 919 de
1177 892 1284 919 Summa
1296 894 1385 920 virent
1398 895 1462 929 pinu
1474 905 1479 920 τ
1500 902 1603 922 caetera
1616 905 1728 930 quercus
1742 898 1829 926 habet.
1903 902 1985 930 Ouid.
1999 904 2062 931 Met.
2077 915 2095 938 1,
2110 915 2146 937 155
2170 908 2238 943 lupi-

55 930 86 958 R.
101 929 130 956 R.
144 937 165 970 3,
178 937 201 961 3,
216 937 243 955 10
272 928 314 955 Sic
335 928 421 955 nostra
434 934 520 963 aetas,
541 928 665 962 inquam,
688 927 791 954 luxuria
803 926 961 967 propagauit
974 927 1118 961 leporaria,
1178 935 1217 954 ter
1231 928 1340 955 Excussit
1355 929 1477 957 subiecto
1490 932 1565 958 Pelio
1579 933 1674 959 Offam.
1731 936 1824 968 Nempe
1838 936 1961 970 Gigantes
1973 941 2040 973 apud
2051 941 2124 975 Virg.
2138 943 2238 977 Georg.

57 973 85 993 ac
98 965 208 1000 piscmas
222 964 335 999 protulit
349 964 379 990 ad
394 972 484 997 mare,
504 970 530 991 ct
545 964 572 990 in
587 973 630 990 eas
644 962 760 998 pelagios
777 971 869 997 greges
883 963 994 997 piscium
1009 971 1117 989 reuoca·
1179 974 1197 996 1,
1206 970 1245 994 281
1267 965 1329 992 Ter
1343 965 1401 992 sunt
1414 967 1502 993 conati
1518 967 1656 1002 imponere
1671 969 1745 996 Pelio
1759 971 1857 1001 Ossam,
1873 979 1918 999 etc.
1989 975 2062 1002 Altus
2085 977 2157 1004 Idem
2171 978 2238 1006 ibid.

58 1000 103 1029 vit.
138 998 213 1034 Coos.
233 1000 366 1026 Columel.
382 1007 404 1033 8,
420 1001 456 1033 16,
469 1006 491 1029 8.
530 1000 561 1025 Et
580 1005 603 1029 8.
616 1007 652 1032 17,
665 1004 688 1028 8.
726 998 768 1024 Sic
788 998 855 1024 Plin.
869 1008 889 1032 3,
903 1000 918 1024 6
939 998 1003 1025 Ideo
1016 999 1117 1033 pelagia
1128 1006 1162 1025 20
1178 1008 1201 1032 3,
1215 1007 1260 1032 94.
1332 1002 1428 1036 Ingens
1456 1003 1518 1029 Stat.
1531 1004 1629 1031 Achill.
1644 1014 1662 1038 1,
1677 1014 1720 1036 151.
1793 1007 1888 1033 Pelion
1904 1009 2000 1034 Neutro
2015 1011 2093 1039 intell.
2107 1010 2165 1050 ὅρος.

56 1042 136 1073 purua
149 1041 175 1062 et
191 1045 250 1063 rara
263 1037 330 1062 sunt.
405 1036 530 1063 Phalerae
550 1034 643 1060 Laber.
658 1041 698 1070 ap.
713 1034 820 1061 Petron.
841 1044 863 1061 c.
879 1044 905 1065 ςς
932 1035 1055 1061 Matrona
1074 1043 1119 1061 or·
1217 1041 1234 1061 Ρ
1244 1042 1261 1061 Ε
1271 1042 1307 1063 Ll
1317 1043 1377 1069 vs,
1397 1046 1410 1063 a
1420 1058 1428 1070 ,
1448 1047 1503 1064 um.
1538 1039 1598 1068 Adi.
1633 1040 1816 1077 [naama-anie]
1854 1043 1911 1070 Cic.
1924 1052 1973 1079 pro
1986 1045 2058 1074 Cael,
2078 1054 2101 1079 ¹8
2128 1049 2239 1078 vtinam

57 1077 119 1103 nata
128 1070 243 1106 phaleris
259 1072 387 1107 pelagiis,
415 1072 433 1098 ι’.
453 1071 609 1105 margaritis.
715 1070 845 1097 Volucres
865 1071 982 1105 pelagiae
1010 1071 1118 1097 Petron.
1178 1080 1212 1097 ne
1232 1071 1261 1097 in
1277 1080 1387 1099 nemore
1401 1073 1484 1100 Pelio.

55 1117 77 1135 e.
96 1106 152 1142 109.
352 1105 374 1145 fl
400 1115 416 1133 2
473 1108 512 1132 De
524 1105 633 1132 conchis
646 1106 772 1131 interdum
783 1105 939 1141 subst·a1ti11e
952 1106 1118 1141 Pelagiarum
1212 1114 1229 1134 P
1240 1108 1285 1134 ἐι
1296 1106 1389 1136 ΐΧΕν
1400 1116 1413 1134 s
1423 1130 1431 1142 ,
1450 1118 1480 1144 a,
1499 1119 1554 1137 um.
1591 1111 1678 1138 Aliud
1691 1112 1752 1139 Adi.
1790 1113 1949 1150 [ηῳῃαχδς]
1986 1116 2057 1152 Apex
2078 1120 2159 1147 Ouid·
2174 1121 2239 1150 past·

54 1151 138 1170 nomen
157 1142 302 1180 rufin-parur,
374 1143 441 1169 Plin.
459 1150 484 1176 9,
500 1148 531 1175 37
549 1141 566 1168 s.
580 1143 608 1168 61
641 1141 776 1176 Purpurae
795 1141 906 1168 nomine
923 1142 978 1168 alio
997 1142 1117 1176 Pelagiae
1177 1152 1196 1176 1,
1209 1149 1264 1175 308.
1338 1144 1442 1180 Cuspis,
1463 1146 1544 1182 Hasta
1558 1146 1672 1179 Achillis,
1693 1156 1755 1180 quae
1768 1158 1800 1174 ex
1811 1156 1892 1176 monte
1906 1151 1981 1178 Pelio
1996 1153 2076 1188 excisa
2085 1156 2143 1189 fuit
2164 1157 2239 1185 [dem

19 1180 22 1185 ’
53 1185 191 1206 vocantur.
264 1180 359 1206 Earum
379 1186 475 1213 genera
495 1177 585 1211 plura,
605 1184 650 1206 etc.
725 1177 859 1212 Pelagium
887 1176 983 1209 (intell.
1005 1177 1117 1209 conchy-
1132 1184 1159 1207 25
1176 1179 1241 1206 Met.
1258 1188 1291 1210 12,
1305 1186 1350 1214 74.
1446 1182 1509 1216 Iuga
1538 1182 1601 1208 Stat.
1617 1181 1714 1209 Achill.
1730 1192 1749 1217 1,
1763 1192 1812 1215 32¹·
1909 1187 2009 1215 vertex
2041 1190 2123 1218 Ouid·
2145 1193 2239 1220 Amor·

55 1215 141 1246 lium)
162 1222 234 1241 vocat
243 1221 301 1250 p.p.
316 1224 338 1241 c.
347 1219 373 1246 38
392 1213 538 1240 Buccinum
553 1222 599 1253 per
611 1213 636 1240 se
649 1212 797 1240 damnatur.
852 1214 960 1248 Pelagio
972 1213 1118 1241 admodum
1175 1222 1201 1247 2,
1216 1223 1247 1247 11,
1261 1223 1285 1243 2.
1359 1215 1477 1243 Vmbrae
1510 1217 1598 1244 Valer.
1612 1220 1711 1253 Argon.
1726 1227 1747 1251 1,
1760 1227 1800 1253 95.
1873 1221 2006 1257 Vmbrae,
2021 1232 2123 1262 propter
2135 1228 2239 1262 siluam,

53 1250 187 1286 alligatur.
259 1252 291 1276 Et
303 1259 324 1277 c.
338 1259 376 1282 40
395 1249 482 1277 Pretia
495 1249 691 1276 medicamento
712 1249 761 1281 (sic
774 1257 847 1275 vocat
857 1256 985 1284 purpurae
997 1251 1116 1280 colorem)
1175 1251 1212 1278 al.
1228 1251 1330 1278 Vndae.

8 1297 11 1301 ¹
54 1288 112 1313 sunt
124 1286 232 1320 quidem
246 1295 295 1320 pro
309 1286 445 1312 fertilitate
458 1285 568 1312 litorum
585 1285 697 1312 viliora:
721 1294 776 1311 non
790 1291 879 1312 tamen
894 1294 1005 1320 vsquam
1019 1286 1118 1321 pelagii
1212 1293 1254 1313 ΡΕ
1265 1292 1282 1313 L
1295 1293 1335 1313 1A
1345 1293 1376 1321 s,
1395 1287 1460 1314 adis.
1497 1288 1517 1315 f.
1576 1288 1658 1316 Ouid.
1672 1289 1752 1325 Epist.
1767 1299 1802 1325 12,
1814 1296 1827 1320 8
1854 1291 2000 1325 Phryxeam
2014 1296 2091 1330 petiit
2104 1298 2186 1325 Pelias
2200 1308 2239 1325 ar-

53 1328 174 1350 centenas
192 1321 271 1348 libras
284 1321 486 1356 quinquagenos
502 1330 599 1348 numos
612 1321 748 1348 excedere.
1175 1322 1228 1349 bor
1241 1331 1333 1350 ouem.
1407 1324 1491 1351 Pelias
1504 1323 1597 1357 arbor,
1617 1324 1635 1351 i.
1648 1328 1720 1362 Argo
1733 1330 1816 1360 nauis,
1836 1329 1904 1355 cuius
1918 1329 2014 1364 lignum
2028 1332 2055 1357 in
2071 1333 2146 1360 Pelio
2160 1341 2240 1361 „mm

89 1364 130 1385 ΡΕ
141 1364 158 1383 L
170 1356 221 1385 ΚΜ
233 1364 241 1383 1
251 1364 264 1384 s
273 1378 281 1391 ,
308 1357 367 1384 i'dis.
403 1359 446 1384 vel
470 1363 486 1383 Ρ
496 1363 513 1384 E
526 1364 542 1384 L
554 1364 576 1384 A
587 1364 611 1383 M
624 1363 644 1384 Υ
654 1364 667 1383 S
676 1377 685 1390 ‚
712 1355 787 1389 y⁰dis.
823 1357 843 1383 f.
881 1359 893 1389 (
901 1364 1032 1392 vtrumque
1051 1358 1116 1384 enim
1130 1365 1160 1389 30
1176 1366 1271 1391 natum,
1292 1365 1318 1385 et
1329 1358 1358 1384 in
1369 1361 1521 1395 Magnetide
1536 1361 1635 1395 regione
1645 1360 1761 1395 proxima
1776 1362 1915 1397 Tbcffiliae
1921 1366 2089 1399 fabricatum.

10 1398 16 1401 “
31 1406 36 1412 ·
53 1396 196 1428 reperitur,
216 1394 298 1419 eadem
319 1401 342 1418 ct
359 1395 427 1428 apud
447 1391 825 1424 Graec-osmarietate‘annuende
845 1400 869 1419 et
887 1395 1009 1425 πηλαμὶς)
1029 1402 1115 1419 nomen
1216 1400 1260 1420 PE
1273 1400 1318 1422 ιι.
1329 1401 1372 1429 Α,
1391 1403 1431 1422 ae.
1458 1396 1479 1422 f.
1517 1396 1641 1431 [Πέλλα]
1680 1397 1778 1423 Ciuitas
1789 1399 1968 1436 Macedoniae,
1989 1402 2117 1438 vtscribit
2136 1403 2197 1431 Liu.
2209 1414 2241 1438 44

54 1429 148 1462 thynni
159 1428 232 1464 pascis
244 1439 260 1455 a
266 1428 377 1464 semestri
387 1438 463 1463 mque
476 1430 513 1454 ad
524 1429 674 1455 anniculum.
750 1430 842 1455 quen.
856 1429 908 1456 Sat.
923 1438 945 1459 7.
960 1437 1002 1455 120
1029 1429 1121 1456 Siccus*
1175 1437 1241 1456 extr.
1267 1437 1290 1455 et
1303 1431 1329 1455 in
1343 1431 1416 1457 litore
1429 1432 1508 1457 ‚naris
1518 1432 1616 1466 At'ssssi,
1634 1439 1665 1458 vt
1678 1431 1780 1468 (stendit
1792 1435 1928 1461 Herodotus
1948 1445 1974 1469 7.
2004 1450 2006 1459 1
2048 1440 2108 1466 Eam
2126 1440 2242 1475 Pompo-

53 1464 235 1501 petasunculus
253 1472 279 1491 et
299 1473 343 1491 vas
393 1464 566 1492 Pelamidum.
641 1464 707 1491 Plin.
724 1473 749 1497 9,
765 1474 788 1495 ις
806 1465 824 1491 s.
840 1471 864 1494 18
894 1464 1010 1496 Thynni
1030 1473 1116 1491 mares
1175 1465 1235 1491 nius
1251 1466 1320 1493 Mela
1334 1475 1357 1498 2,
1372 1475 1382 1497 3
1398 1466 1490 1502 scribit
1507 1467 1663 1494 illustratam
1682 1468 1797 1496 maxime
1816 1469 1932 1498 alumnis
1946 1472 2070 1509 Philippo
2082 1476 2115 1502 'et
2127 1476 2240 1502 Alexan.

53 1500 101 1528 sub
114 1507 206 1528 ventre
219 1508 273 1527 non
288 1500 388 1527 habent.
398 1502 517 1535 pinnam.
564 1502 668 1527 Intrant
681 1509 696 1526 ε
709 1509 806 1535 magno
821 1501 887 1527 mari
903 1501 1015 1527 Pontum
1029 1509 1115 1527 verno
1175 1501 1226 1528 dro
1245 1501 1302 1528 eius
1326 1501 1394 1528 filio.
1468 1504 1535 1529 Ηῐηε
1554 1504 1649 1531 Ιιιιιεη.
1663 1504 1713 1531 Sat.
1727 1513 1765 1537 10,
1783 1507 1825 1535 168
1858 1506 1931 1533 Vnus
1945 1508 2050 1536 Pellaeo
2069 1511 2162 1538 iuueni
2183 1517 2239 1539 non

53 1542 175 1571 tempore
191 1536 335 1571 gregatim:
355 1545 402 1563 nec
415 1537 480 1564 alibi
496 1536 638 1563 fetificant:
668 1536 775 1568 cordyla
786 1533 935 1572 'appellatur
950 1543 1048 1570 partuS,
1069 1537 1116 1571 qui
1132 1543 1158 1567 35
1175 1535 1270 1564 sufficit
1291 1537 1382 1571 orbis,
1409 1538 1427 1564 ι’.
1447 1540 1604 1565 Alexandro.
1649 1546 1657 1554 ·
1679 1539 1776 1567 Lucan.
1792 1548 1831 1574 10,
1846 1550 1877 1568 20
1905 1542 1963 1570 Illic
1979 1545 2075 1572 Pellaei
2089 1547 2239 1582 proles've.

36 1570 39 1578 '
52 1567 119 1599 feias
128 1570 279 1599 *redeuntes
300 1572 328 1598 in
342 1581 414 1600 mare
427 1574 566 1600 Autumno
585 1573 738 1599 comitatur.
780 1592 784 1595 ⁴
811 1573 931 1599 Limosae
948 1581 1015 1598 vero
1029 1580 1043 1598 a
1058 1572 1115 1598 luto
1175 1573 1234 1599 sana
1247 1573 1375 1608 Philippi.
1432 1575 1489 1600 Fuit
1502 1582 1525 1600 et
1540 1575 1619 1606 Pella,
1638 1575 1728 1601 ciuitas
1740 1579 1842 1612 exigua,
1861 1584 1890 1603 vt
1902 1579 1968 1606 idem
1980 1581 2061 1608 Poeta
2071 1586 2142 1609 docet
2155 1592 2195 1618 10,
2209 1590 2239 1618 52

52 1607 196 1644 pelamides
209 1608 341 1643 incipiunt
356 1608 460 1635 vocari:
478 1616 503 1635 et
517 1617 600 1643 quum
611 1617 732 1634 annuum
746 1609 873 1635 excefl'ere
887 1615 998 1642 tempus,
1012 1608 1117 1640 thynni.
1175 1608 1292 1643 Exiguae
1306 1610 1395 1636 secura
1407 1610 1460 1636 fuit
1473 1610 1615 1645 prouincia
1628 1611 1722 1637 Pellae.

52 1645 86 1670 Et
105 1644 123 1671 ss
138 1653 165 1677 19
191 1644 261 1670 Cum
280 1643 387 1676 thynnis
407 1644 470 1671 haec
490 1644 601 1678 (Aulia)
622 1651 647 1672 et
664 1643 816 1676 Pelamydes
836 1644 864 1671 in
878 1645 992 1671 Pontum
1009 1643 1042 1670 ad
1060 1643 1117 1670 dul·
1210 1652 1225 1672 Ρ
1236 1651 1252 1671 Ε
1263 1651 1279 1671 L
1290 1652 1307 1672 1.
1320 1652 1341 1674 Α
1352 1652 1398 1672 Εν
1409 1652 1439 1679 s,
1457 1655 1488 1678 3,
1508 1655 1562 1673 um.
1598 1646 1659 1672 Adi.
1696 1647 1849 1682 [Πελλαῖος]
1886 1649 2015 1677 Diadema
2029 1653 2162 1680 Pellaeum
2187 1654 2240 1680 Lu.

53 1680 126 1707 ciora
143 1679 238 1714 pabula
251 1679 352 1706 intrant
365 1680 505 1715 gregatim.
1174 1689 1231 1707 can.
1244 1690 1266 1713 ς,
1280 1683 1324 1707 60.
1441 1682 1540 1708 Pellaei
1559 1691 1622 1715 gens
1641 1682 1776 1708 fortunata
1794 1683 1899 1718 Canopi
1931 1686 2009 1720 Virg.
2029 1687 2127 1722 Georg,
2148 1700 2173 1722 4,
2185 1695 2239 1722 ²87·

91 1722 108 1742 1²
118 1721 134 1741 13
146 1722 161 1741 L
173 1721 196 1742 A
206 1721 219 1741 s
227 1720 248 1742 G
259 1722 300 1742 1Α
308 1736 316 1748 ,
335 1717 378 1742 vel
398 1723 414 1742 p
423 1723 439 1742 ις
449 1723 465 1742 1,
474 1723 493 1743 A
501 1722 514 1742 s
525 1722 547 1743 G
558 1723 568 1742 1
579 1722 592 1741 s
600 1735 608 1747 ‚
643 1715 674 1742 it.
695 1720 712 1740 Ρ
724 1721 740 1740 Ε
750 1721 766 1739 L
775 1721 796 1740 A
806 1721 819 1740 s
829 1720 849 1740 G
860 1723 869 1741 1
877 1720 894 1741 c
903 1722 923 1741 v
933 1723 959 1742 M
981 1721 1079 1743 ARGO
1087 1721 1114 1741 s.
1125 1726 1159 1749 ⁴0
1173 1716 1244 1742 Gula
1257 1717 1367 1746 Pellaea,
1383 1718 1452 1750 apud
1463 1717 1623 1749 Martialem,
1641 1724 1687 1752 pro
1700 1717 1807 1743 Deliciis
1819 1720 1999 1757 Macedonicis,
2019 1731 2057 1756 ¹3,
2071 1729 2109 1758 35.
2181 1724 2239 1752 pel.

53 1751 214 1786 ΓΠεᾸοὶσγΙκ]
252 1752 326 1784 Regio
340 1752 476 1781 Graeciae,
495 1751 563 1777 circa
575 1758 710 1775 extremam
725 1755 823 1784 partem
837 1751 1010 1780 Macedoniae,
1028 1750 1115 1784 versut
1174 1750 1262 1777 laeum
1277 1751 1406 1777 iuuenem
1421 1752 1489 1777 modo
1503 1753 1623 1778 vidimus.

53 1787 186 1818 Achaiam,
199 1786 258 1812 olim
271 1786 406 1813 Thessalia
417 1786 495 1818 dimi,
516 1786 546 1811 it.
564 1785 706 1817 Acmonia,
722 1792 768 1810 etc.
826 1785 892 1810 Plin.
906 1794 934 1821 4,
947 1793 972 1820 7.
1018 1802 1020 1804 -
1031 1787 1114 1810 Etiam
1211 1792 1229 1811 Ρ
1238 1793 1255 1813 Ε
1265 1793 1281 1812 L
1290 1793 1307 1811 ι,
1317 1792 1338 1811 Α
1349 1791 1367 1812 Ε
1377 1793 1399 1811 ν
1408 1793 1439 1817 s,
1459 1787 1477 1812 i.
1498 1796 1534 1814 m.
1571 1788 1652 1820 Pagus
1665 1787 1702 1813 est
1715 1786 1806 1814 intimi
1820 1789 1888 1816 sinus
1900 1790 2005 1825 Persic'g
2018 1793 2062 1819 cni
2075 1793 2126 1820 hoc
2138 1803 2240 1822 nomen

38 1823 40 1826 '
53 1816 262 1856 ¹1³·eloponnefum
277 1822 367 1847 difflant
379 1822 514 1855 aliquando
527 1820 705 1854 Pelasgicum,
724 1827 805 1845 monet
823 1820 888 1846 idem
906 1830 940 1854 4,
959 1829 994 1854 4:
1014 1829 1038 1847 et
1052 1821 1114 1848 Les·
1172 1830 1188 1848 a
1200 1822 1243 1848 sua
1258 1821 1342 1856 patria
1355 1821 1452 1849 dediffe
1467 1822 1646 1849 Alexandrum
1661 1831 1786 1858 magnum
1808 1825 1910 1852 Plinius
1924 1830 1949 1860 6,
1962 1837 1990 1860 27
2008 1837 2184 1860 commemorat.

51 1857 106 1883 bon
120 1864 142 1888 5,
156 1865 193 1889 31:
218 1863 244 1882 et
256 1855 396 1882 Arcadiam
408 1867 433 1889 4,
448 1857 472 1883 6.
509 1856 600 1881 Eadem
613 1857 739 1881 varietate
752 1855 824 1881 dii‘lz.
1210 1864 1225 1883 1>
1234 1864 1250 1884 Ε
1262 1865 1277 1884 L
1287 1864 1332 1884 LA
1342 1864 1361 1885 Ο
1372 1853 1502 1891 romanis.
1528 1868 1565 1885 m.
1611 1859 1745 1884 Adriatici
1753 1859 1798 1894 seu
1811 1863 1895 1887 Veneti
1900 1862 1973 1895 finus
1989 1865 2112 1900 oppidum.
2168 1867 2237 1895 Plin.

84 1897 101 1917 Ρ
110 1896 158 1918 ΕΙ.
169 1897 192 1917 Α
203 1896 217 1918 8
230 1897 251 1918 G
261 1899 287 1924 1,
309 1894 396 1918 orum.
423 1899 460 1917 m.
492 1891 650 1926 [Πελασγοὶ]
687 1891 792 1926 Populi,
808 1891 883 1925 quast
899 1891 1002 1926 Pelargi
1011 1913 1020 1925 ‚
1041 1893 1071 1917 id
1081 1891 1113 1928 est
1126 1902 1156 1926 45
1173 1902 1196 1927 3,
1210 1902 1237 1926 19
1265 1893 1356 1920 Istriae
1367 1902 1517 1921 annumerat
1530 1894 1667 1921 Palficium
1685 1901 1711 1921 et
1725 1895 1886 1924 Pellaonem.

49 1927 170 1954 ciconiae.-
191 1927 305 1962 quoniam
317 1927 454 1954 errabundi
467 1928 520 1952 ritu
535 1927 689 1953 ciconiarum
699 1933 747 1962 per
761 1929 853 1953 multas
872 1928 986 1953 nationes
1004 1929 1113 1954 fuerunt.
1211 1937 1228 1957 Ρ
1239 1936 1256 1956 Ε
1267 1936 1284 1956 ι,
1294 1936 1310 1955 L
1320 1937 1389 1962 Ax,
1414 1930 1475 1956 acis.
1513 1939 1581 1957 com.
1617 1929 1781 1966 [ἐπαγωγὰ]
1818 1933 1874 1967 Qii
1897 1942 1945 1968 per
1966 1933 2107 1963 blanditias
2128 1937 2238 1973 decipit,

54 1963 99 1996 Uel
110 1961 222 1999 Pelasgi,
240 1972 256 1988 a
268 1963 376 1997 Pelasgo
389 1963 453 1988 Iouis
460 1963 526 1998 filio.
726 1960 747 2005 ᾖ
769 1971 785 1989 2
834 1963 952 1998 Pelasgi,
966 1962 1038 1997 serui
1050 1964 1113 1989 dicii
1171 1973 1201 1991 vt
1217 1965 1326 1992 Seruius
1346 1966 1448 1999 exponit
1467 1965 1530 1991 illud
1550 1966 1627 1999 Virg.
1646 1967 1712 1992 Aen.
1734 1975 1759 1999 2,
1777 1977 1811 2000 90
1848 1969 1954 1995 Inuidia
1972 1970 2111 2006 postquam
2128 1973 2237 2008 pellacig

46 1998 78 2026 ab
97 1999 208 2033 antiquis
221 1999 312 2032 Italis,
330 1998 387 2034 teste
400 1999 520 2033 Stephano
532 2000 595 2032 Byz.
607 2000 638 2025 a'e
655 1998 713 2026 Vrb.
728 2007 756 2024 m
768 1998 861 2027 Chios.
937 2000 1003 2024 Hinc
1020 2000 1112 2025 Victor.
1170 2001 1251 2032 Vlyssi
1288 2001 1387 2032 (Haud
1406 2000 1497 2035 ignota
1511 2001 1627 2034 loquor)
1649 2001 1747 2035 superis
1763 2004 1884 2029 concess'it
1898 2003 1931 2030 ab
1944 2006 2009 2032 oris,

47 2034 81 2062 V.
95 2035 124 2061 L.
137 2042 158 2067 1,
172 2043 201 2061 10
214 2034 326 2068 explicat
353 2034 410 2061 Cic.
423 2033 456 2060 de
469 2033 526 2060 Fin.
539 2043 563 2066 2,
578 2043 603 2060 12
620 2043 641 2060 c.
657 2045 671 2065 4
695 2035 732 2060 Vt
747 2034 863 2060 maiores
877 2033 961 2060 nostri
976 2033 1010 2060 ab
1024 2041 1113 2060 aratro
1210 2043 1225 2062 P
1236 2042 1253 2061 Ε
1264 2042 1280 2061 1,
1289 2042 1307 2061 1.
1318 2041 1341 2061 Α
1351 2041 1369 2062 c
1382 2043 1391 2061 1
1401 2042 1438 2067 A,
1460 2043 1499 2062 ae.
1537 2036 1556 2061 f.
1593 2035 1606 2068 [
1613 2034 1747 2070 inmoysi]
1786 2037 1905 2066 Fallacia.
1949 2041 2055 2068 Lucret.
2068 2051 2090 2076 2,
2104 2052 2149 2076 559
2170 2045 2235 2071 Sub.

46 2069 215 2098 abduxerunt
228 2070 418 2096 Cincinnatum
430 2069 524 2103 illum,
544 2074 573 2094 vt
586 2068 710 2095 Dictator
724 2069 800 2095 esset:
835 2069 876 2094 Sic
889 2077 938 2095 vos
951 2068 984 2094 de
1000 2069 1113 2102 Pelasgis
1125 2080 1156 2102 50
1172 2070 1233 2096 dola
1248 2079 1330 2105 quum
1344 2070 1414 2097 ridet
1427 2070 1523 2104 placidi
1539 2070 1649 2105 pellacia
1661 2071 1748 2097 Ponti.
1819 2074 1895 2108 virg.
1905 2076 2003 2111 Georg.
2017 2085 2045 2110 4,
2055 2086 2109 2111 443
2131 2080 2234 2108 Verum

48 2105 174 2133 omnibus
186 2104 315 2139 colligitis
327 2104 414 2130 bonos
429 2104 490 2131 illos
502 2103 610 2138 quidem
626 2103 710 2136 viros,
730 2103 773 2129 sed
786 2110 856 2130 certe
867 2112 922 2130 non
935 2103 1113 2139 pereruditos.
1171 2106 1217 2132 vbi
1232 2106 1304 2133 nulla
1318 2106 1409 2139 fugam
1422 2106 1521 2141 reperit
1534 2106 1651 2142 pellacia.
1725 2109 1764 2133 De
1777 2109 1863 2134 Proteo
1876 2111 1914 2135 ita
1926 2112 2017 2138 reclina·
2030 2114 2133 2148 leoitur,
2150 2125 2234 2150 quam,

47 2141 144 2169 Malim
157 2147 239 2166 tamen
249 2146 343 2175 putare
355 2149 387 2166 ex
402 2140 528 2166 Comoedia
544 2140 658 2173 dunum,
678 2139 817 2174 diHumque
836 2141 867 2165 de
885 2140 1045 2166 multitudine
1056 2147 1113 2175 pro·
1171 2149 1201 2167 vt
1218 2142 1309 2175 vulgo,
1331 2142 1448 2169 fallacia:
1466 2142 1535 2175 ficut
1551 2142 1627 2168 etiam
1644 2144 1713 2177 apud
1729 2144 1850 2172 Prudent.
1864 2146 1983 2174 Hamart.
2001 2157 2028 2175 v.
2044 2144 2098 2184 637.
2172 2153 2235 2178 Item

45 2177 147 2206 mill-ua.
1170 2178 1370 2210 lucontinentia,
1394 2178 1574 2205 concubinatus.
1647 2178 1749 2206 Arnob.
1763 2188 1781 2212 4
1795 2189 1818 2212 p.
1833 2190 1872 2214 ¹47
1902 2183 1952 2209 Per
1970 2192 2063 2211 omnes
2086 2185 2233 2214 libidinum

76 2207 101 2238 Ῥ
112 2217 129 2237 Ε
141 2217 159 2237 L
172 2217 194 2238 Α
207 2216 220 2237 s
229 2217 251 2238 G
261 2215 284 2236 v
296 2216 311 2238 s
319 2232 329 2246 ‚
355 2219 386 2244 a,
406 2220 462 2237 um.
500 2211 561 2238 Adi.
617 2210 701 2237 Pubes
721 2210 827 2246 Pelasga
854 2211 928 2246 Virg.
942 2211 1007 2238 Aen.
1021 2220 1046 2247 9,
1061 2218 1110 2248 15¹4.
1170 2213 1270 2239 formas
1284 2213 1440 2241 incestarum
1454 2214 1628 2248 cupiditatum
1641 2214 1822 2250 circumegiss'e
1836 2217 1981 2252 pellaciam.
2036 2220 2111 2248 Idem
2123 2231 2138 2254 5
2157 2232 2183 2258 p.
2197 2232 2232 2257 171

49 2245 136 2276 Classis
159 2246 241 2274 Ouid.
256 2246 321 2273 Met.
335 2255 366 2279 13,
380 2249 434 2276 268.
508 2247 580 2273 Gens
604 2246 678 2274 Idem
690 2245 758 2273 ibid.
774 2255 806 2279 12,
820 2256 843 2279 7.
965 2250 969 2256 “
1127 2256 1154 2278 55
1168 2249 1279 2275 Iouialis
1295 2256 1469 2276 monumenta
1483 2249 1617 2284 pellaciae.

86 2290 101 2309 Ρ
111 2289 156 2309 Εἰ.
169 2288 192 2309 A
203 2288 216 2308 s
225 2287 245 2308 G
255 2288 296 2308 1A
305 2288 319 2308 s
328 2302 336 2314 ,
364 2282 427 2308 adis.
465 2281 485 2308 f.
530 2283 706 2317 [Πελασγιᾰς]
744 2283 896 2314 Patronym.
929 2289 977 2318 pro
998 2283 1108 2316 Gemili,
1208 2291 1224 2310 1>
1235 2291 1251 2311 Ε
1265 2292 1281 2311 L
1296 2291 1313 2310 1.
1322 2291 1365 2312 Ec
1374 2291 1391 2311 Ε
1400 2291 1416 2312 Β
1425 2293 1445 2312 R
1454 2292 1493 2316 A,
1512 2286 1566 2311 vid.
1589 2291 1605 2311 r
1617 2291 1633 2310 Ε
1642 2291 1661 2311 R
1670 2292 1688 2312 1.
1698 2291 1715 2312 Ε
1726 2291 1744 2313 c
1756 2292 1772 2313 Ε
1783 2293 1799 2314 Β
1810 2293 1830 2314 R
1839 2294 1873 2316 A.

49 2320 92 2346 vel
103 2318 243 2344 Adietliuoz
317 2317 401 2345 Vrbes
414 2317 577 2353 Pelasgiades
600 2318 682 2345 Ouid.
696 2318 776 2353 Epist.
789 2327 816 2351 9,
830 2327 850 2351 3-
1204 2327 1219 2346 r
1229 2327 1245 2347 Ε
1254 2327 1271 2346 1.
1281 2326 1300 2347 1.
1312 2327 1329 2347 Ε
1339 2328 1357 2348 c
1365 2327 1387 2347 Τ
1396 2328 1406 2347 1
1420 2327 1440 2348 ο
1452 2341 1461 2354 ,
1486 2322 1542 2348 vid.
1566 2326 1582 2347 Ρ
1594 2327 1610 2346 Ε
1621 2328 1640 2348 R
1651 2327 1668 2347 L
1678 2327 1695 2348 Ε
1705 2328 1723 2349 c
1734 2329 1773 2350 Τι
1784 2330 1813 2350 ο.

84 2362 100 2380 Ρ
112 2360 200 2387 ΕιΕ,
219 2362 254 2380 es.
272 2353 293 2380 f.
325 2354 411 2389 Insula
423 2354 562 2380 adPetram
571 2355 696 2381 Herculis.
733 2354 800 2381 Plin.
809 2363 845 2388 32,
858 2363 872 2380 2
892 2353 949 2380 Nec
961 2352 1006 2380 illa
1019 2353 1047 2379 in
1061 2362 1107 2380 no·
1207 2362 1224 2382 Ρ
1235 2363 1252 2382 Ε
1262 2362 1279 2382 1,
1290 2362 1307 2382 1.
1317 2363 1333 2383 Ε
1343 2364 1361 2383 x
1370 2374 1378 2387 ,
1399 2357 1456 2384 i'cis.
1494 2356 1513 2383 f.
1550 2356 1563 2390 [
1571 2356 1648 2390 ζῆλη,
1667 2358 1781 2399 aaaron»)
1795 2360 1875 2388 Gloss‘.
1885 2361 1941 2390 Lat.
1959 2362 2007 2391 Gr.
2020 2364 2135 2397 nummi
2149 2366 2230 2395 Gloss'.

7 2410 9 2414 .
50 2389 156 2418 vissimis
168 2389 251 2423 mira,
270 2397 374 2416 amaros
388 2390 436 2416 esse
455 2390 535 2416 disces
552 2389 586 2416 ad
599 2389 676 2416 Pelen
689 2389 800 2416 infidam
810 2409 820 2423 ,
840 2395 870 2430 et·
881 2389 914 2415 ad
927 2390 1108 2430 Clazomenas.
1168 2392 1214 2419 Gr.
1228 2392 1306 2427 Lat.]
1342 2393 1440 2419 Mulier
1454 2392 1586 2433 coucubina
1602 2401 1677 2419 extra
1695 2393 1782 2430 tastum
1802 2397 1958 2433 coniugium,
1976 2407 2002 2425 et
2017 2402 2118 2436 proprie
2132 2403 2232 2437 quidem

89 2432 105 2452 Ρ
117 2427 227 2453 ELEcl‘
236 2431 259 2451 Ν
272 2432 292 2450 ν
304 2432 329 2452 Μ
341 2446 349 2457 ,
375 2425 394 2452 1.
431 2434 458 2452 11.
483 2426 646 2459 [numae]
683 2427 779 2452 Herba.
832 2425 900 2452 le.
915 2433 952 2458 ες,
966 2435 991 2452 12
1011 2426 1108 2452 Pelec1-
1118 2429 1153 2455 60
1165 2428 1226 2461 eius,
1247 2429 1291 2462 qui
1305 2429 1383 2453 aliam
1396 2429 1468 2454 habet
1480 2427 1568 2464 mstam
1581 2436 1702 2456 wat-ems
1764 2430 1866 2459 Paullus
1885 2433 1917 2459 de
1930 2434 2084 2463 Verborum
2099 2444 2124 2464 et
2138 2447 2230 2466 rerum

52 2462 159 2489 num‘in
176 2460 306 2496 segetibus
321 2461 438 2488 diximus
456 2461 542 2496 nasci,
561 2461 718 2488 fruticosam
737 2461 890 2494 cauliculis,
910 2461 984 2488 foliis
1003 2461 1106 2489 ciceriS.
1166 2463 1276 2498 fignific.
1290 2464 1306 2490 l.
1321 2464 1462 2498 Masurius,
1479 2463 1568 2490 scribit
1583 2464 1655 2491 libro
1667 2465 1867 2502 Memoralium,
1888 2470 2010 2497 Pellicem
2025 2472 2093 2507 apud
2105 2474 2231 2508 antiquos

56 2499 112 2525 Vid.
124 2496 195 2524 plin.
217 2503 250 2530 18,
269 2506 301 2530 17.
339 2498 368 2522 it.
386 2506 423 2530 27.
624 2495 644 2535 ff
673 2505 688 2523 2
741 2497 892 2524 Pelecinum
905 2495 928 2531 s.
949 2498 1106 2531 Pelecmon,
1165 2509 1223 2527 eam
1237 2499 1369 2533 habitam,
1387 2510 1455 2535 quae
1474 2509 1557 2535 quum
1569 2508 1639 2527 vxor
1653 2509 1707 2527 non
1719 2503 1797 2535 esset,
1818 2513 1878 2530 cum
1893 2505 1983 2541 aliquo
2003 2513 2089 2534 tamen
2106 2509 2230 2537 viuebat:

51 2532 276 2568 Hmlogiispecies
296 2533 403 2560 Vin-uu.
418 2542 442 2566 9,
457 2541 483 2567 9.
556 2535 583 2559 A
590 2532 678 2566 forma
684 2532 790 2568 securis,
810 2543 872 2567 quae
886 2534 988 2560 Graecis
999 2538 1105 2564 πέλικυς.
1165 2544 1277 2570 eamque
1291 2545 1362 2562 nunc
1375 2545 1441 2563 vero
1455 2537 1566 2563 nomine
1581 2536 1704 2570 amicam,
1723 2539 1813 2573 paullo
1830 2540 1984 2569 honestiore
1995 2544 2172 2572 concubinam
2185 2555 2229 2581 ap.

53 2567 108 2601 Vid.
121 2569 196 2594 Baldi
214 2570 274 2596 Lex.
293 2568 400 2596 Vitruu.
422 2579 447 2604 p.
466 2575 508 2599 80.
581 2569 660 2594 Nihil
674 2569 727 2594 dici
742 2569 818 2605 potest
834 2575 937 2604 praeter
955 2569 1107 2596 conieHuras
1164 2571 1268 2606 pellari.
1340 2572 1420 2600 Caius
1440 2573 1546 2599 Flaccus
1567 2572 1595 2598 in
1614 2571 1663 2599 lib.
1684 2572 1717 2600 de
1736 2574 1798 2601 Iure
1817 2576 1958 2611 Papiriano
1971 2579 2080 2615 scribit,
2107 2581 2229 2616 pellicem

45 2604 171 2630 admodum
184 2604 307 2637 incertas,
326 2615 378 2631 cum
385 2605 465 2641 siolum
478 2613 562 2630 nomen
581 2605 669 2631 habeat
687 2605 825 2631 Vitruuius.
900 2605 950 2639 Ego
967 2605 1106 2640 descriptio.
1120 2611 1152 2642 65
1166 2617 1236 2636 nunc
1248 2608 1329 2642 vulgo
1343 2608 1451 2643 vocari,
1472 2617 1539 2643 quae
1557 2617 1617 2635 cum
1637 2617 1679 2642 eo,
1697 2610 1740 2636 cui
1755 2619 1824 2637 vxor
1838 2612 1884 2644 fit,
1903 2622 2000 2650 corpus
2014 2615 2132 2643 misceat:
2150 2626 2229 2651 quos-

45 2632 98 2666 νέην
113 2639 164 2665 eius
176 2641 220 2666 vel
226 2640 336 2673 sormam
349 2648 514 2677 compararem
526 2649 578 2667 cum
592 2639 709 2666 Simmiae
721 2641 832 2667 carmine
843 2645 959 2674 Πέλεκυς,
976 2642 1042 2676 quod
1054 2650 1106 2667 cam
1166 2643 1224 2670 dam
1238 2652 1306 2676 eam,
1327 2652 1394 2679 quae
1406 2644 1497 2671 vxoris
1509 2644 1570 2671 loco
1583 2644 1636 2671 sine
1648 2646 1748 2680 nuptiis
1763 2647 1791 2673 111
1805 2647 1887 2675 domo
1901 2649 1945 2683 fit,
1965 2659 2044 2685 quam
2057 2652 2151 2678 Graeci
2164 2662 2228 2680 παλ.

48 2674 176 2701 Theocrito
188 2676 229 2700 edi
237 2675 308 2709 solet.
346 2689 348 2692 >
1165 2678 1239 2707 annau
1252 2685 1356 2706 vocant.
1417 2682 1510 2706 Horum
1523 2687 1655 2715 vtrumque
1674 2682 1775 2717 (inquit
1793 2684 1879 2718 Valla)
1900 2695 1960 2712 vere
1967 2687 2076 2722 senſsffi,
2096 2694 2120 2713 et
2134 2689 2230 2723 dixiffe

81 2716 97 2735 Ρ
109 2715 125 2735 Ε
137 2715 154 2736 L
164 2716 182 2737 E
194 2716 216 2737 ‘r
228 2717 249 2737 Η
258 2716 278 2736 R
288 2718 307 2738 o
317 2717 341 2738 N
353 2717 363 2737 1
375 2718 413 2746 A,
432 2719 472 2739 ae.
508 2712 529 2738 f.
555 2713 558 2716 “
584 2712 687 2746 Herba,
708 2712 846 2739 Centauria
865 2712 951 2739 maior.
1026 2713 1105 2748 Apul.
1164 2715 1284 2742 arbitror.
1345 2716 1395 2742 Sed
1405 2723 1486 2742 tamen
1496 2723 1541 2752 pro
1549 2715 1657 2752 suscepti
1669 2718 1748 2752 operis
1762 2718 1845 2753 officio,
1864 2722 1993 2748 admonere
2005 2724 2083 2756 debeo,
2103 2723 2225 2758 pellicem

44 2743 76 2772 de
91 2745 176 2772 Herb.
197 2755 218 2772 c.
235 2755 270 2778 34.
1164 2753 1233 2786 apud
1244 2759 1353 2778 oratores
1365 2759 1389 2778 et
1396 2754 1493 2785 Paetus,
1511 2761 1564 2778 eam
1576 2754 1670 2778 demum
1685 2754 1778 2787 haberi,
1794 2763 1857 2789 quae
1871 2765 1922 2782 cum
1935 2766 1970 2789 eo,
1983 2758 2022 2783 cui
2035 2766 2100 2784 vxor
2112 2769 2124 2784 e
2145 2779 2153 2791 ,
2172 2769 2226 2786 cor.

19 2783 21 2788 '
81 2788 97 2807 P
108 2788 124 2808 Ε
133 2788 175 2807 LE
185 2789 206 2809 T
215 2788 262 2808 HR
273 2789 322 2809 ON
333 2789 422 2815 IVM,
442 2782 462 2810 i.
492 2792 519 2810 n.
557 2783 748 2819 [Πελεθςίνιογ]
785 2783 922 2819 Oppidum
942 2783 979 2811 est
994 2784 1104 2812 Thessa·
1117 2797 1150 2822 70
1160 2793 1207 2822 pus
1221 2787 1310 2822 miscet.
1382 2789 1484 2823 Ideoque
1497 2790 1558 2814 Iuno
1572 2787 1669 2822 semper
1685 2789 1845 2824 prosequitur
1866 2791 1989 2826 pellices,
2009 2802 2071 2827 quae
2082 2794 2113 2827 st
2125 2795 2135 2819 i
2147 2798 2225 2822 vxori

43 2816 96 2844 liae
105 2837 113 2850 ‚
131 2816 180 2844 vbi
193 2818 310 2852 primum
324 2817 519 2846 domandorum
532 2828 664 2854 eqporum
677 2825 799 2854 repertus
815 2819 852 2847 est
866 2820 933 2847 vsus.
1008 2821 1104 2847 Auctor
1163 2824 1242 2849 Iouem
1253 2823 1437 2859 praeriperent.
1502 2824 1569 2850 Vnde
1582 2823 1650 2850 Plin.
1663 2833 1698 2857 35,
1713 2833 1741 2851 10
1765 2826 1838 2851 verbo
1854 2828 1947 2853 Graeco
1959 2830 2049 2854 maluit
2060 2831 2111 2863 vti,
2130 2833 2224 2865 (quum

44 2853 149 2880 Seruius
169 2855 296 2889 explicans
316 2853 382 2881 illum
399 2854 512 2889 Virgilii
530 2856 606 2881 lotum
624 2856 723 2890 Georg.
736 2865 760 2889 3,
774 2860 809 2886 115
838 2855 924 2883 Frena
938 2856 1103 2884 Pelethronii
1158 2860 1193 2887 de
1205 2860 1354 2885 Alexandro
1372 2861 1528 2895 loqueretur,
1548 2868 1617 2894 quem
1636 2861 1729 2895 constat
1746 2869 1771 2886 eo
1789 2868 1893 2896 tempore
1911 2864 2026 2890 caelibem
2034 2864 2129 2900 suff»,
2149 2876 2222 2901 quum

43 2888 181 2924 Lapithae,
201 2897 247 2916 etr.
1162 2893 1270 2929 Apellem
1276 2894 1358 2930 scorto
1373 2896 1495 2927 donauit)
1518 2904 1590 2928 quam
1601 2896 1685 2920 veteri
1700 2895 1741 2928 (ſs
1755 2898 1856 2923 verbum
1874 2897 1923 2933 est)
1941 2899 2045 2925 Latino:
2066 2901 2164 2935 pallace
2179 2908 2221 2936 pa-

79 2931 95 2951 Ρ
106 2930 122 2951 Ε
133 2931 150 2952 ι.
163 2931 180 2951 Ε
192 2932 213 2951 ν
225 2931 239 2951 8
247 2945 256 2959 ,
276 2925 310 2952 ei.
336 2934 372 2952 m.
408 2925 582 2958 Disyllabum.
619 2926 750 2962 [Πηλεῦς]
786 2927 866 2953 Aeaci
878 2928 945 2963 regis
951 2928 1034 2963 filius,
1051 2938 1102 2954 ma·
1162 2933 1221 2963 tius,
1240 2939 1314 2964 quam
1325 2930 1428 2965 pellice.
1506 2932 1562 2967 Qo
1571 2931 1614 2965 fit,
1634 2938 1662 2955 v!
1676 2931 1811 2965 Curtium,
1833 2933 1877 2959 vbi
1889 2936 1919 2960 de
1930 2936 2012 2960 eodem
2018 2937 2177 2968 Alexandro,
2195 2944 2219 2961 et

44 2960 111 2986 ritus
131 2961 253 2994 Thetidis,
275 2968 297 2987 et
313 2968 387 2996 pater
403 2961 515 2988 Achillis.
589 2964 630 2988 De
648 2971 696 2997 quo
711 2964 789 2998 plura
814 2962 896 2990 Ouid.
917 2964 980 2990 Met.
1002 2973 1037 2997 11,
1057 2966 1102 2997 267
1118 2974 1146 2996 75
1161 2966 1222 2992 aliis
1234 2968 1383 2999 loqueretur,
1401 2974 1551 3000 caeterosque
1557 2966 1693 3001 fi7¹ipto⁷-es
1707 2968 1792 3000 opiner
1805 2968 1932 3003 pallacem
1941 2971 2038 3006 potius,
2059 2982 2130 3006 quam
2143 2972 2218 3006 pelli.

44 3003 69 3021 ει
87 3005 132 3029 350
150 3004 194 3024 etc.
266 2998 412 3024 Aemonius
438 2997 547 3026 Tibull.
569 3007 593 3031 1,
608 3007 638 3031 ς,
657 3007 694 3032 45.
766 2998 892 3034 Optimus
911 2998 983 3026 hasta
1013 3000 1103 3027 Valet.
1161 3010 1217 3027 cem
1228 3008 1274 3036 pro
1285 3002 1417 3027 concubina
1430 3002 1530 3027 caelibis
1543 3002 1648 3027 hominis
1661 3001 1759 3037 dixffl.
1822 3005 1892 3032 Suet.
1905 3005 1937 3032 de
1951 3007 2105 3041 Vespasiano
2118 3009 2217 3041 loquem-

45 3032 144 3066 Argon.
162 3042 180 3065 1,
196 3041 247 3065 143.
1160 3047 1183 3064 c.
1200 3045 1225 3062 21
1249 3036 1410 3063 Pallacarum
1424 3037 1507 3070 dixit,
1530 3046 1577 3062 non
1590 3036 1724 3072 pellicum.
1797 3040 1841 3065 Sin
1855 3041 1932 3067 aliter
1945 3042 2080 3074 inuenitur,
2100 3043 2216 3068 librario.

62 3084 66 3088 ·
83 3073 100 3093 P
112 3073 129 3094 Β
141 3070 181 3095 Ll'
189 3075 208 3095 D
218 3074 236 3095 Ε
246 3075 274 3102 S,
294 3078 332 3095 ae.
368 3078 404 3096 m.
441 3070 590 3102 Patronym.
627 3070 778 3104 [Πηλείδης]
813 3080 828 3096 a
841 3071 918 3097 Peleo
935 3077 1008 3105 patre
1020 3071 1101 3096 dicius
1158 3082 1214 3099 ram
1227 3072 1291 3097 -υιίῐο
1305 3073 1414 3098 dandum
1427 3072 1466 3107 efl.
1539 3073 1614 3098 Cm'us
1631 3074 1670 3099 rei
1686 3074 1730 3099 hoc
1746 3083 1919 3110 argumentum
1938 3076 1987 3111 est,
2004 3079 2071 3110 quod
2086 3086 2134 3102 non
2151 3078 2216 3104 recle

47 3102 78 3137 est
95 3103 219 3131 Achilles.
324 3105 407 3132 Ouid.
427 3105 507 3140 Epist.
521 3111 544 3141 8,
558 3111 584 3139 83
616 3105 716 3133 Pelides
735 3107 835 3132 vtinam
855 3107 954 3133 vitasset
968 3106 1100 3142 Apollinis
1159 3108 1214 3143 quis
1226 3108 1320 3133 dicitur
1333 3108 1422 3134 habere
1436 3108 1573 3142 pellicem,
1588 3108 1638 3143 sed
1648 3118 1719 3136 vxor.
1777 3112 1808 3137 Et
1820 3112 1855 3147 est
1867 3121 1950 3137 nomen
1962 3112 2094 3138 relatiuam
2106 3115 2142 3138 ad
2153 3114 2215 3138 alte.

48 3144 128 3166 auis.
197 3140 285 3168 Fortis
310 3141 387 3177 Virg.
402 3143 467 3169 Aen.
480 3150 504 3175 ς,
517 3147 574 3172 808.
647 3141 721 3168 Idem
734 3143 799 3169 Aen.
816 3151 847 3175 12,
861 3151 914 3174 350.
1113 3154 1146 3178 80
1159 3145 1211 3169 rius
1225 3152 1334 3172 vxorem,
1351 3144 1418 3169 cuius
1431 3154 1484 3170 cum
1497 3145 1553 3170 viro
1567 3154 1619 3170 rem
1632 3145 1714 3178 babet,
1730 3155 1777 3172 non
1789 3155 1868 3173 amem
1880 3148 1918 3172 ad
1926 3146 2069 3182 masculum:
2091 3157 2134 3173 nec
2149 3149 2213 3174 relic

88 3173 180 3201 ‘fini‘
187 3182 208 3202 A
219 3182 234 3202 s
244 3197 252 3210 ,
272 3176 337 3206 adis.
368 3178 388 3205 f.
426 3179 552 3213 [ΠηΛιὰς]
590 3177 673 3205 Pelias
684 3177 771 3213 hasta,
788 3179 848 3216 Qu
863 3177 971 3205 Achilles
984 3178 1098 3204 vtebatur
1157 3177 1270 3205 diffuros
1278 3178 1359 3213 jin'ffi
1370 3188 1428 3206 reor
1438 3188 1547 3206 oratores
1560 3179 1621 3213 illos,
1634 3180 1678 3214 qui
1691 3182 1806 3215 pallacen
1819 3183 1949 3214 dixerunt,
1961 3182 1990 3214 fi
2001 3183 2120 3216 pellicem
2132 3185 2212 3210 dixis-

51 3207 131 3241 Oujd.
143 3209 220 3244 Epist.
233 3221 254 3244 3,
271 3216 318 3240 126.
1152 3214 1226 3250 fiat,
1246 3222 1276 3239 vt
1290 3220 1371 3249 patet.
1444 3216 1569 3242 Haaenus
1592 3216 1660 3242 Valla
1680 3221 1697 3242 6
1720 3219 1787 3243 cuius
1805 3219 1835 3243 de
1851 3219 1950 3251 proprio
1970 3218 2072 3244 Pellicis
2090 3219 2213 3245 inerllefflu

87 3250 101 3270 Ρ
115 3243 132 3270 1}
142 3250 157 3270 t.
167 3244 273 3281 fiivs‚
291 3256 321 3284 a,
340 3258 395 3277 um.
430 3249 489 3277 Adi.
546 3249 592 3277 Sil.
606 3259 639 3284 13,
652 3256 698 3282 803
731 3251 896 3285 Aequantem
914 3249 1000 3276 Peleia
1019 3248 1097 3282 facta,
1152 3249 1304 3284 sementiam
1319 3251 1396 3284 plane
1408 3252 1498 3286 firmat
1518 3251 1585 3278 Gell.
1601 3262 1625 3285 4,
1639 3262 1650 3284 3
1677 3263 1706 3278 exc
1719 3253 1804 3278 Seruii
1818 3253 1927 3287 Sulpicii
1947 3253 2021 3279 libro
2041 3254 2073 3280 de
2088 3255 2214 3286 Dotibus,

47 3279 65 3305 i.
93 3278 205 3305 Achillis.
1158 3285 1280 3312 Pellicem
1299 3286 1455 3320 appellatam
1475 3287 1683 3323 probrosamque
1696 3288 1811 3314 habitam
1831 3297 1902 3320 eam,
1923 3289 2090 3322 (1113ε11111ἐ13
2105 3291 2212 3318 consue-

87 3322 102 3341 Ρ
115 3313 155 3341 1'3'L
166 3322 176 3341 1
186 3322 207 3342 A
217 3322 247 3348 s,
266 3325 304 3344 ae.
338 3327 374 3344 m.
408 3320 535 3357 [Uraniae]
572 3322 651 3348 Filius
664 3321 778 3356 Neptuni
790 3331 820 3347 ex
834 3322 899 3356 Tyro
914 3322 1029 3356 nympha,
1037 3321 1098 3354 filia
1113 3331 1143 3360 35
1158 3327 1235 3356 taque
1246 3321 1306 3348 esset
1321 3331 1379 3349 cum
1394 3332 1427 3350 eo
1438 3344 1445 3354 ,
1465 3333 1493 3350 111
1507 3324 1581 3350 cuius
1596 3333 1673 3350 manu
1693 3324 1878 3358 mancipioque
1892 3324 1942 3351 alia
1955 3325 2123 3352 matrimonii
2137 3327 2211 3355 causa

48 3352 173 3377 Salmonei
185 3352 259 3385 regis,
274 3353 363 3385 frater
375 3355 457 3387 Nelei,
478 3366 547 3391 quem
562 3368 574 3384 e
590 3358 615 3384 T
612 3357 717 3393 hffzlia
731 3357 838 3392 expulit.
895 3357 983 3384 Valer.
999 3357 1097 3390 Argon.
1158 3358 1238 3392 foret,
1259 3356 1306 3383 hae
1318 3359 1492 3393 antiquiffima
1506 3360 1563 3394 lege
1577 3359 1731 3392 ostenditur,
1752 3369 1830 3392 quam
1846 3361 1950 3386 Numae
1963 3361 2033 3396 regis
2049 3362 2124 3388 fuisse
2139 3368 2211 3390 acce-

48 3396 66 3418 1,
82 3395 108 3412 22
134 3387 292 3413 Aemoniam
312 3388 404 3422 primis
418 3391 498 3417 Pelias
513 3393 634 3421 frenabat
646 3393 679 3419 ab
693 3394 784 3426 annis,
800 3401 845 3420 etc.
918 3394 1001 3419 Atrox
1023 3392 1097 3417 Idem
1156 3393 1258 3428 pimus:
1321 3394 1338 3420 Ρ
1347 3395 1365 3420 Ε
1374 3396 1394 3422 L
1402 3396 1422 3422 L
1430 3396 1448 3422 Ε
1457 3396 1480 3422 Χ
1523 3397 1543 3422 Α
1554 3396 1567 3422 S
1577 3397 1596 3421 A
1606 3396 1633 3421 M
1676 3396 1718 3421 IV
1728 3396 1753 3422 N
1763 3397 1787 3422 O
1795 3396 1862 3422 NIS
1904 3396 1931 3422 N
1945 3397 1964 3423 Ε
2014 3398 2045 3424 T
2054 3399 2073 3423 A
2083 3398 2107 3424 G
2116 3399 2127 3425 Ι
2136 3399 2165 3425 T
2174 3399 2208 3425 Ο.

46 3422 112 3449 ibid.
128 3432 146 3455 1,
160 3432 219 3455 700.
291 3423 421 3458 Superbus
446 3426 520 3454 Idem
535 3429 600 3456 ibid.
615 3439 635 3462 1,
650 3431 712 3460 161„
766 3430 850 3456 Laues
864 3429 973 3456 Peliam:
994 3429 1097 3454 Prouer-
1158 3431 1185 3454 Si
1220 3430 1338 3457 TAGE
1346 3431 1391 3464 T,
1435 3432 1600 3459 IVNONI
1641 3431 1878 3458 CRINIBOVS
1915 3432 2106 3460 DEMISSIS
2142 3435 2208 3461 AR-

26 3480 31 3488 .
47 3458 150 3484 bialitcr
162 3459 254 3484 dissum
266 3465 383 3493 apparet,
402 3461 445 3486 vbi
463 3463 517 3496 quis
527 3464 633 3499 salutem
645 3464 780 3500 pollicitus,
800 3465 888 3498 adfert
901 3464 1023 3490 exitium:
1041 3469 1097 3496 aut,
1157 3466 1184 3492 N
1192 3467 1213 3491 V
1223 3466 1251 3492 M
1288 3466 1308 3492 F
1318 3467 1337 3493 E
1345 3467 1373 3493 Μ
1383 3468 1427 3494 ΙΝ
1435 3468 1455 3494 A
1463 3468 1492 3494 M
1530 3468 1551 3493 C
1559 3468 1579 3492 A
1588 3467 1599 3493 I
1607 3467 1630 3492 D
1638 3468 1650 3493 1
1658 3467 1730 3493 TO.
1820 3467 1905 3494 Pellex
1918 3474 2005 3495 autem
2020 3468 2089 3503 quali
2101 3472 2208 3504 πάλλαξ,

37 3492 91 3520 ⁴vbi
102 3495 159 3528 quis
166 3494 277 3529 prodeſjc
289 3502 397 3529 conatus,
415 3495 500 3532 ingens
511 3500 584 3525 addit
595 3502 693 3528 malum.
767 3501 874 3527 Donum
885 3511 901 3526 a
914 3498 1034 3533 nosiffima
1053 3500 1096 3525 Pe·
1109 3512 1144 3538 90
1156 3501 1184 3527 id
1197 3501 1232 3527 est
1248 3502 1317 3535 quafi
1330 3509 1448 3533 raaia-ci<
1456 3524 1465 3536 ,
1484 3509 1512 3529 vt
1530 3503 1654 3537 pleraque
1667 3503 1732 3538 alia,
1753 3502 1787 3528 ita
1803 3502 1853 3528 hoc
1872 3512 1980 3539 quoque
1999 3504 2158 3532 vocabulum
2175 3506 2207 3532 de

7 3541 9 3564 j
47 3529 98 3556 liae
105 3530 213 3563 fabula,
232 3538 300 3563 quem
314 3531 372 3556 dum
379 3531 452 3565 filiae
463 3541 480 3558 a
492 3534 582 3560 Medea
592 3535 720 3572 persuasae
733 3536 829 3570 student
845 3537 881 3562 ad
893 3538 1016 3562 iuuentam
1031 3544 1096 3560 reuo-
1156 3538 1257 3564 Graeco
1270 3538 1365 3564 flexum
1381 3539 1425 3565 est.
1499 3540 1539 3564 Sic
1554 3538 1650 3571 Festus,
1671 3539 1737 3563 cuius
1751 3539 1826 3564 verba
1838 3540 1948 3572 ponimus
1968 3550 1993 3566 n.
2010 3549 2034 3567 2.
2106 3541 2162 3568 Cic.
2178 3541 2207 3568 in

6 3572 9 3588 1
46 3575 118 3597 care,
134 3565 210 3590 lebete
223 3565 340 3600 feruenti
359 3565 492 3600 impolitum
510 3569 655 3598 occiderunt.
726 3567 784 3598 Non
799 3571 1002 3607 intempestiuae,—
1020 3571 1095 3597 etiam
1155 3575 1230 3600 Orat.
1246 3579 1288 3604 108
1314 3574 1355 3601 Ab
1367 3574 1414 3602 hac
1428 3574 1517 3602 indole
1530 3574 1582 3600 iam
1597 3574 1641 3600 illa
1654 3580 1770 3606 matura,
1794 3575 1868 3600 onr
1886 3576 1995 3609 generi,
2015 3584 2130 3602 nouerca
2145 3577 2206 3610 filii,

6 3607 9 3638 1
46 3601 156 3631 dicetur,
175 3602 220 3626 vbi
232 3599 365 3635 quisfalsa
371 3602 416 3636 spe
427 3603 512 3629 duam
523 3604 621 3630 inanem
628 3605 704 3639 sumit
717 3614 822 3642 operam.
864 3609 919 3634 Vid.
937 3606 1017 3633 Ouid.
1032 3605 1095 3633 Met.
1155 3608 1225 3636 filiae
1240 3610 1334 3643 pellex.
1414 3612 1492 3635 Verba
1505 3610 1565 3635 haec
1578 3611 1696 3637 levamur
1709 3618 1758 3644 pro
1772 3610 1897 3636 Cluentio
1914 3620 1967 3644 199.
2047 3612 2138 3638 Matris
2154 3614 2206 3647 pel.

6 3643 9 3662 :
47 3642 74 3669 7,
89 3641 141 3667 298·
189 3638 221 3662 Et
240 3637 271 3663 de
285 3637 358 3663 Rem.
375 3639 467 3664 Amor·
480 3645 519 3671 48.
575 3641 606 3665 Et
626 3641 713 3669 Senee.
728 3644 821 3671 Medea
836 3653 870 3676 133
889 3651 912 3669 et
931 3644 989 3669 666.
1154 3645 1196 3671 lex
1209 3645 1262 3671 filia
1284 3645 1383 3672 Sallust.
1396 3646 1424 3672 in
1438 3646 1493 3671 Cic.
1506 3654 1530 3672 2.
1587 3645 1706 3671 Nomine
1720 3645 1836 3680 deposito
1850 3646 1959 3680 pellicis,
1973 3656 2041 3673 vxor
2054 3648 2105 3674 erit
2125 3648 2205 3674 Ouid.

86 3676 102 3697 ν
113 3676 129 3696 Ε
141 3677 158 3697 1.
168 3674 257 3700 lei—&N
267 3679 288 3699 v
299 3679 312 3699 S
321 3693 328 3702 .
363 3673 380 3700 i.
418 3683 453 3700 m.
499 3674 588 3700 rectius
621 3682 636 3701 Ρ
647 3679 665 3703 E
676 3682 719 3704 LE
730 3685 748 3706 c
760 3687 784 3707 Α
795 3686 817 3706 Ν
830 3686 850 3705 ν
863 3686 876 3706 s
885 3701 894 3714 ‚
930 3678 1094 3712 [πελεκάνσς]
1106 3689 1137 3715 95
1154 3681 1233 3716 Epist,
1247 3690 1273 3714 9,
1288 3691 1332 3714 ¹32·
1414 3682 1498 3707 Natus
1511 3681 1542 3706 dc
1555 3680 1647 3714 pellice
1672 3680 1743 3707 Idem
1758 3682 1821 3708 Met.
1836 3691 1857 3714 2,
1872 3684 1928 3714 465.
2022 3683 2140 3710 quenal.
2155 3684 2204 3711 Sat.

47 3706 113 3731 Auis
125 3709 221 3741 eadem,
241 3718 303 3743 quae
316 3709 400 3736 Platea
415 3710 456 3735 vel
469 3709 581 3737 Platalea
595 3712 706 3737 Ciceroni
718 3723 742 3739 et
756 3715 848 3741 Plinio.
912 3715 1094 3745 Hieronymus
1154 3727 1178 3749 2,
1191 3725 1222 3751 57
1250 3717 1382 3746 Horrida,
1402 3717 1477 3750 quale
1491 3716 1554 3742 facit
1568 3715 1680 3741 relidens
1693 3716 1722 3743 in
1735 3718 1826 3744 codice
1839 3718 1938 3752 pellex,
1957 3719 1976 3746 i.
1995 3718 2091 3744 inculta
2103 3718 2203 3752 ancilla,

49 3742 75 3766 in
89 3740 150 3767 illud
160 3743 254 3770 Psalmi
268 3746 409 3779 centesimi,
430 3746 530 3772 Similis
545 3746 628 3772 faetus
641 3746 697 3773 sum
708 3749 828 3777 Pelicano
842 3749 1006 3777 solitudinis:
1027 3749 1094 3776 Peli·
1153 3754 1312 3788 dominaeque
1324 3752 1407 3786 inuisa
1419 3753 1445 3777 ob
1459 3761 1551 3777 amores
1561 3752 1655 3777 mariti.
1728 3753 1855 3786 Desimili
1866 3763 1892 3778 re
1905 3754 1971 3782 Hor,
1985 3754 2072 3780 Carni.
2086 3763 2108 3787 3,
2121 3764 2157 3786 27,
2171 3758 2202 3785 ὂς

48 3785 189 3810 canorum,
208 3780 301 3814 inquit,
321 3781 375 3809 duo
390 3790 484 3817 genera
499 3781 624 3808 dicuntur
637 3782 694 3809 esse.
763 3786 852 3812 Vnum
868 3786 896 3813 in
910 3786 985 3820 aquis
999 3785 1050 3819 est,
1068 3792 1094 3813 et
1153 3789 1336 3823 Dominaeque
1349 3787 1417 3814 tradi
1433 3787 1559 3813 Barbarae
1573 3786 1663 3821 pellex.
1774 3800 1777 3804 ·
1909 3798 1925 3815 2
1975 3791 2114 3815 Conuicium
2126 3789 2158 3823 est
2171 3791 2199 3813 in

47 3813 101 3838 esca
115 3812 170 3838 eius
185 3814 263 3848 pisces
277 3816 348 3844 sunt:
370 3824 395 3845 et
407 3827 489 3844 vnum
505 3818 534 3844 in
547 3816 706 3851 solitudine,
725 3825 750 3846 et
764 3821 818 3847 esca
831 3822 888 3848 eius
900 3828 1025 3848 venenata
1039 3821 1095 3847 ani-
1153 3823 1230 3850 molles
1243 3834 1322 3849 mares
1335 3823 1446 3848 virorum
1464 3822 1566 3848 libidini
1581 3821 1769 3856 succumbentes.
1842 3825 1875 3851 Pe
1888 3825 1966 3858 lices,
1984 3825 2084 3859 (inquit
2097 3824 2200 3853 Festus)

8 3866 9 3875 1
48 3848 137 3880 ῐῐῖἃῖῑὸ,
157 3848 207 3875 hoc
221 3850 256 3877 est
271 3851 413 3887 serpentes,
436 3860 461 3880 et
473 3852 617 3887 crocodili,
635 3859 661 3879 et
673 3853 790 3881 lacertae.
860 3858 992 3884 Dicuntur
1006 3864 1223 3887 autemioonunc
1243 3859 1350 3893 quidem
1369 3858 1533 3893 appellantur
1550 3857 1641 3884 alienis
1659 3858 1873 3893 succumbentes,
1898 3870 1952 3887 non
1974 3861 2058 3887 solum
2077 3859 2200 3889 feminae,

8 3888 9 3895 ¹
47 3883 93 3909 ista
106 3883 226 3911 volatilia
238 3886 329 3915 Latine
347 3889 514 3917 Onocrotali.
555 3890 621 3916 Idem
632 3888 664 3914 ad
677 3889 832 3918 Praesidium
846 3892 878 3926 de
891 3903 957 3919 cereo
967 3893 1094 3929 paschali:
1153 3895 1197 3921 sed
1209 3895 1287 3921 etiam
1302 3902 1395 3920 mares.
1466 3893 1575 3928 Antiqui
1594 3902 1651 3920 eam
1670 3895 1777 3929 proprie
1797 3896 1917 3930 pellicem
1931 3895 2113 3928 nominabant,
2133 3901 2200 3932 quae

47 3919 177 3952 Pelicani‚
197 3929 280 3953 quum
296 3932 311 3950 3
324 3924 442 3960 serpente
458 3925 529 3953 filios
546 3925 663 3957 occisos,
683 3931 804 3952 mortuos
815 3926 969 3962 inueniunt,
988 3929 1093 3963 lugent:
1153 3940 1263 3957 vxorem
1277 3928 1382 3955 habenti
1396 3927 1524 3955 nubebat:
1551 3929 1593 3956 cui
1606 3930 1697 3964 generi
1718 3930 1859 3957 mulierum
1872 3932 1951 3958 etiam
1968 3927 2199 3968 poena'constnuta

47 3960 73 3981 θ(
86 3956 125 3988 se,
144 3959 171 3982 et
184 3956 226 3981 sua
240 3956 320 3985 latera
333 3962 496 3995 percutiunt:
517 3967 542 3988 et
555 3960 679 3995 sanguine
691 3961 793 3987 excusso
805 3962 836 3989 ad
848 3972 959 3999 corpora
973 3971 1092 3991 mortuo·
1153 3966 1189 3993 est
1202 3975 1216 3992 a
1230 3967 1317 3993 Numa
1331 3964 1464 3998 Pompilio
1478 3964 1524 3991 hac
1539 3965 1593 3999 lege
1603 3986 1610 3998 ‚
1637 3966 1723 3992 Pellcx
1738 3974 1808 3992 aram
1820 3968 1932 3994 Iunonis
1949 3976 1981 3993 nc
1992 3971 2098 3998 tangito.
2171 3963 2198 3989 8¹

47 3998 106 4024 rum
119 3990 151 4017 fic
165 3991 335 4023 reuiuiscunt,
389 3997 464 4033 Istam
479 3999 626 4024 Graecorum
641 3996 830 4031 Latinorumque
841 3999 974 4034 hominum,
994 4001 1037 4035 qui
1049 4007 1093 4036 pa·
1153 4008 1249 4037 tanget,
1268 4000 1364 4027 Iunoni
1378 3999 1496 4027 crinibus
1510 4000 1616 4027 dimissis
1629 4009 1724 4036 agnum
1738 4002 1863 4029 feminam
1878 4003 1986 4029 caedito.
2045 3999 2112 4024 Suet.
2126 3998 2198 4024 Caes·

47 4032 98 4052 tres
109 4029 480 4095 wmmssbjffbulf'fffemse'
487 4041 512 4061 et
523 4032 617 4069 refellit
625 4032 757 4059 Bocbartus
769 4032 797 4058 in
806 4033 906 4061 Hieroz.
915 4043 937 4068 2,
945 4044 1000 4069 2‚25
1009 4043 1034 4072 p.
1042 4045 1090 4068 30¹·
1099 4043 1141 4070 105
1153 4046 1188 4072 49
1214 4035 1368 4105 DolabeSHaC
1374 4036 1510 4063 Caesarem
1529 4037 1650 4072 pellicem
1671 4037 1779 4072 reginae
1787 4058 1795 4070 ,
1825 4039 1910 4064 *axoris
1929 4034 2064 4063 Nicomedis
2083 4032 2197 4095 affipezffiag.
