2517 4231
21 3594 27 3596 -
74 3575 184 3604 minata.

93 146 150 183 141
496 129 734 172 LVM

92 221 144 255 est,
166 220 184 248 si
199 221 311 248 seruitus
326 219 460 248 debeatur.
516 220 590 256 Opus
602 228 710 256 quoque
722 226 825 247 nouum
838 221 865 247 ei
879 220 997 248 nuntiari
1010 222 1108 257 potest,
1129 223 1147 249 si

91 256 173 285 modo
188 257 219 284 sic
233 258 321 291 saciat,
342 261 371 284 vt
383 256 480 283 lumini
493 255 605 284 Noceat.
676 255 794 285 Marcell.
818 256 850 282 D.
864 256 896 283 dc
913 257 1034 284 seruitut.
1055 258 1147 285 vrban.

90 292 179 327 praed.
199 293 217 320 Ι.
237 294 359 328 Scaurus,
381 292 438 326 Qui
449 291 525 319 binas
538 292 613 320 aedes
625 291 748 324 habebat,
767 291 786 318 si
799 292 892 319 alteras
905 293 1018 327 legauit:
1038 303 1091 320 non
1101 294 1146 320 du.

90 329 167 357 bium
181 329 227 363 est,
247 328 312 364 quin
324 328 415 355 haeres
431 329 505 363 possit
517 328 596 356 altinus
604 327 726 355 tollendo
733 326 882 355 Obscurare
891 329 992 355 lumina
1005 330 1148 364 legatarum

89 365 206 393 aedium.

89 410 150 428 rum
164 401 224 427 iura
237 399 299 427 talia
312 400 384 427 sunt:
405 400 484 427 altius
496 399 618 434 tollendi,
637 404 663 425 ct
676 398 819 433 Officiendi
830 399 976 427 luminibus
990 401 1084 436 vicini,
1103 405 1148 427 aut

89 445 145 463 non
159 435 315 463 extollendi.
389 436 464 464 Idem
478 435 580 462 ibidem
599 434 617 462 l.
637 435 708 462 Haec
723 441 819 462 autem.
839 436 866 462 Si
878 436 953 464 aedes
966 443 1024 463 tuac
1038 436 1145 463 aedibus

89 472 156 499 meis
169 471 296 505 sentiant,
316 480 349 498 nc
363 471 441 499 altius
452 470 590 505 tollantur,
612 479 645 497 ne
661 470 810 497 luminibus
823 480 942 498 mearum
961 472 1065 499 aedium
1077 467 1142 497 Offi-

88 507 187 534 ciatur:
215 513 240 534 et
253 516 303 542 ego
315 516 363 542 per
383 507 506 534 statutum
524 511 628 541 tempus
645 505 771 533 fenestras
790 516 860 534 meas
875 508 1002 542 praelixas
1015 507 1144 537 habuero,

87 543 133 570 vel.
151 542 322 570 obstruxcro:

85 579 163 607 aedes
179 585 234 606 tuas
248 579 326 606 altius
341 578 452 606 sublatas
467 576 600 607 habtoeris.
671 578 788 605 Marcell.
808 579 839 605 D.
860 579 892 606 dc
910 578 1028 605 seruitut.
1052 575 1145 616 vrban.

85 614 175 651 praed.
193 615 210 642 Ι.
239 615 364 647 Scaurini,
390 614 450 641 Sine
476 613 573 640 accessu
600 612 704 641 nullum
722 615 758 641 est
784 614 888 642 frusilus
908 613 1036 646 legatumz
1069 611 1144 638 habi-

85 651 136 678 tari
158 658 245 678 autem
272 649 355 685 potest
380 649 460 676 etiam
485 648 594 676 aedibus
620 648 773 677 obscuratis.
866 649 1006 676 Caeterum
1033 647 1139 674 vsut'ru-

86 687 132 714 ὁὶιι
146 687 200 713 loci
214 686 309 720 legato,
322 685 403 712 etiam
414 685 523 712 access'us
538 683 638 711 dandus
654 685 703 712 est:
723 686 787 721 quia
801 691 826 712 et
837 682 930 710 haustu
943 691 1024 717 aquae
1032 683 1140 718 relic'to,

84 723 138 750 iter
150 729 256 757 quoque
267 720 299 747 ad
312 720 490 747 hauriendum
504 719 687 755 praestaretur.
844 753 850 758 ·

86 766 112 786 ct
127 757 271 785 obscurare·
281 756 379 790 legatas
392 756 468 783 aedes
479 756 646 783 conceditur:
683 762 712 783 vt
728 764 782 783 non
789 759 894 788 penitus
909 754 999 782 lumen
1014 755 1139 781 Recluda-

84 800 136 827 tur,
156 791 198 819 sed
211 798 313 819 tantum
325 791 504 827 relinquatur,
525 799 654 825 quantum
667 791 762 819 siifficit
772 788 953 816 habitantibus
961 790 989 816 in
997 789 1057 817 vsus
1068 790 1140 818 diur-

82 829 112 856 ni
127 827 346 855 moderationem.
566 834 580 858 8
599 828 666 853 Hinc
677 826 732 852 alia
742 833 835 860 quoque
847 832 967 860 apertura
980 827 1083 853 Lumen
1096 836 1138 853 vo-

81 870 161 890 catur.
234 863 341 890 Vitruu.
355 870 385 896 4,
397 864 413 890 6
432 865 463 889 de
475 861 554 898 ostiis,
574 863 630 898 Ipsa
647 864 736 900 autem
758 865 958 895 antepagmenta
977 863 1055 889 crass'a
1075 862 1140 889 fiant

81 899 110 926 in
125 899 214 926 fronte
229 898 371 926 altitudine
390 898 502 926 luminis
525 903 598 934 parte
616 894 781 935 duodecima:

80 938 137 962 Art.
150 944 177 968 27
197 944 222 970 p.
236 937 267 964 86
294 935 378 961 Polcn.
398 934 498 961 Eodem
512 932 612 959 lumine
624 930 712 965 plures
728 931 876 965 Qunariae
884 933 984 969 fistulae
1019 949 1067 956 —-
1085 944 1140 961 am-

56 978 60 984 *
79 971 184 1006 plitudo
203 970 312 997 luminis
324 970 425 997 crescit.
494 969 527 994 Et
546 968 602 994 Art.
623 975 648 1006 {9
675 975 700 1001 p.
720 973 759 1007 *88
789 967 826 994 Ex
854 978 968 996 numero
989 970 1138 1005 digitorum

79 1006 284 1041 quadratorum,
311 1008 359 1041 qui
377 1013 451 1036 area,
469 1002 499 1030 id
516 1002 553 1029 est
565 1002 666 1028 lumine
686 1011 814 1037 cuiusque
832 1003 938 1032 moduli
956 1008 1139 1033 continentur.

78 1056 125 1063 ·-—-
140 1043 210 1069 Nam
226 1051 292 1076 quae
305 1041 383 1078 fistula
395 1039 473 1066 habet
484 1047 570 1073 areae,
585 1037 612 1065 id
627 1037 663 1064 cst
674 1037 785 1066 luminis
797 1039 827 1066 in
841 1040 987 1068 rotundum
1005 1041 1093 1068 coafii
1100 1041 1139 1069 di.

78 1078 148 1113 gitos
164 1073 305 1113 quadratos
320 1075 419 1110 viginti
435 1074 555 1110 quinque
578 1081 622 1100 etc.

78 1124 105 1140 re
119 1115 234 1147 eminens,
248 1110 385 1152 praestans,
394 1111 526 1146 pulchrum
538 1110 651 1136 indicare
663 1110 766 1144 volunt,
787 1111 890 1138 Lumen
915 1112 1049 1147 appellant.

80 1150 196 1177 Lumina
210 1149 335 1180 ciuitatis,
350 1153 397 1182 pro
409 1146 547 1181 itfignibus
560 1146 636 1180 viris,
650 1153 675 1172 ee
688 1147 765 1171 elaris
779 1155 836 1180 quos
851 1145 953 1174 dicimus
962 1168 970 1181 ,
988 1149 1033 1184 qui
1046 1149 1139 1184 conspi-

76 1186 178 1212 ciuntur
191 1192 219 1210 vt
225 1182 310 1220 stellae
325 1184 351 1208 in
364 1182 480 1216 tenebris,
499 1189 544 1208 aut
552 1181 632 1209 Velut
645 1181 718 1209 inter
729 1181 809 1208 orbes
821 1183 896 1210 Luna
915 1183 1044 1212 minores.
1081 1185 1138 1212 Cic.
1157 1185 1159 1187 ’

77 1221 107 1248 111
121 1219 199 1248 Catil.
211 1229 232 1254 3,
240 1228 269 1253 24
288 1219 367 1247 Tum
383 1217 601 1245 veroclarissimis
609 1217 843 1252 virisinterfeetis,
856 1219 960 1246 lumina
967 1220 1084 1248 ciuitatis
1096 1229 1139 1248 ex-

76 1255 170 1284 11111ἂῡ
181 1257 248 1283 sunt.
320 1254 394 1282 Idem
411 1263 462 1289 pro
483 1254 572 1281 Deiot.
588 1262 611 1284 ις
636 1253 768 1281 Omnium
787 1255 925 1289 gentium,
944 1263 1024 1291 atque
1048 1257 1136 1284 omnis
1144 1265 1175 1290 30

75 1292 224 1320 memoriae
238 1290 406 1319 clariffimum
419 1290 510 1317 lumen
523 1289 700 1324 exstinguere.
775 1291 910 1324 Qiineffl.
926 1301 944 1322 1,
959 1301 981 1327 2,
997 1302 1012 1327 9
1032 1293 1137 1320 Lumen

74 1328 144 1355 illud
157 1334 303 1356 conuentus
317 1325 488 1353 honestislimi
502 1325 620 1353 tenebris
635 1331 664 1353 ac
677 1325 818 1353 solitudini
831 1327 1026 1363 praetulissem,
1045 1331 1076 1355 de
1093 1336 1138 1364 pu.

76 1365 141 1391 blica
160 1362 311 1400 institutione
325 1363 442 1398 priuatae
461 1368 610 1397 comparata.
683 1361 759 1389 Idem
781 1371 805 1396 3,
828 1369 852 1396 8,
872 1365 902 1394 65
921 1364 1061 1392 Ciceronis
1080 1365 1136 1392 sen-

77 1399 173 1427 tentiae
194 1405 221 1426 et
237 1399 378 1427 conciones
391 1406 446 1424 non
465 1397 554 1424 minus
576 1397 691 1431 clarum,
712 1406 794 1432 quam
814 1399 850 1426 cst
869 1399 900 1425 in
917 1400 1139 1434 accusationibus,

74 1444 104 1462 ac
126 1434 341 1468 defensionibus,
360 1433 527 1468 eloquentiae
547 1433 639 1460 lumen
659 1432 809 1462 ostendunt.

75 1471 186 1498 Catonis
199 1470 326 1506 Origines
346 1479 427 1505 quem
447 1470 559 1506 florem,
580 1475 626 1496 aut
638 1469 711 1504 quod
725 1469 817 1497 lumen
835 1470 1006 1506 eloquentiae
1020 1482 1076 1500 non
1090 1472 1136 1499 ha-

75 1506 155 1535 bent?
180 1507 298 1541 Lumen,
325 1507 349 1533 b.
364 1515 384 1534 e.
405 1508 598 1539 Ornamentum,
612 1505 718 1541 schema.
740 1527 744 1529 .
760 1508 792 1533 Vt
812 1507 878 1533 enim
892 1508 994 1543 Ingenii
1005 1509 1087 1535 lumen
1101 1506 1137 1544 est

75 1544 236 1578 Eloquentim
250 1543 290 1576 stc
301 1542 461 1577 Eloquentiae
478 1541 573 1568 lumina
580 1541 642 1577 sunt
657 1542 791 1569 Schemate.
813 1542 887 1570 Idem
899 1543 929 1570 in
948 1543 1042 1571 eodem
1062 1545 1137 1571 Brut.

76 1587 118 1612 273
136 1579 216 1606 Erant
227 1584 317 1606 autem
329 1584 354 1605 et
367 1576 514 1604 verborum
527 1582 553 1604 et
568 1576 758 1604 sententiarum
773 1577 819 1605 illa
832 1579 943 1613 lumina,
958 1588 1025 1614 quae
1037 1585 1136 1607 vocant

1098 1113 1139 1139 Sic

79 1615 177 1642 Graeci
195 1613 311 1655 mii-earu,
330 1613 428 1648 quibus
441 1619 566 1646 tanquam
577 1612 722 1648 insignibus
747 1613 776 1640 in
801 1620 897 1642 ornatu
923 1615 1136 1656 distinguebatur
1143 1625 1176 1650 40
1200 1618 1276 1652 Virg.
1293 1621 1356 1646 Aen.
1372 1622 1397 1653 6,
1412 1629 1462 1653 725.

75 1651 164 1677 omnis
179 1658 275 1677 oratio.
348 1648 422 1676 Idem
435 1649 464 1676 in
476 1649 576 1684 Topic.
589 1658 617 1681 314
636 1649 672 1675 At
693 1658 777 1686 quum
799 1650 831 1676 de
851 1657 1015 1678 ornamentis
1036 1651 1134 1679 verbo-

75 1694 147 1720 rum,
169 1685 418 1720 ,sententiarumque
435 1684 614 1719 praecipitur,
640 1692 707 1718 quae
726 1691 858 1713 vocantur
882 1685 1004 1721 σχήμαιτα,
1034 1697 1090 1715 non
1105 1686 1135 1715 fit

74 1721 155 1750 idem.
227 1722 283 1748 Cic.
297 1721 329 1747 de
344 1721 419 1747 Orat.
433 1728 446 1745 2
460 1729 481 1746 c.
495 1728 523 1752 27
542 1719 620 1746 Certa
633 1719 740 1746 dicendi
753 1719 864 1748 lumina.
937 1722 1063 1758 Respicere
1076 1725 1134 1750 haec

29 1758 33 1759 ⁷
71 1758 140 1783 talia
155 1757 277 1782 videntur
288 1758 324 1783 ad
333 1754 448 1782 Lumina
458 1755 486 1781 in
497 1755 607 1795 pillurq,
625 1755 743 1783 Vmbrae
756 1757 863 1791 oppqfita
875 1757 943 1786 Plin.
962 1768 999 1794 35,
1019 1769 1032 1788 ς
1055 1760 1133 1788 Tm.

73 1791 134 1818 dem
147 1792 172 1818 se
185 1800 226 1818 ars
241 1791 295 1826 ipsa
313 1790 443 1824 distinxit,
460 1795 487 1817 et
498 1791 606 1817 inuemt
625 1790 716 1818 lumen
736 1797 815 1827 atque
840 1793 962 1828 vmbras,
982 1795 1135 1823 differentia
1152 1804 1180 1829 45
1200 1807 1298 1833 puteus
1313 1798 1391 1825 lunae
1404 1797 1486 1826 Ouid.
1498 1799 1592 1827 Amor.
1613 1809 1632 1833 1,
1646 1806 1669 1833 8,
1685 1809 1706 1826 12

72 1827 193 1854 colorum
208 1826 309 1855 alterna
321 1826 381 1854 vice
393 1827 445 1853 sese
460 1826 603 1854 excitante:
625 1826 721 1854 deinde
735 1827 852 1855 adiectus
868 1830 905 1857 est
926 1831 1051 1866 splendor
1065 1832 1133 1858 alius

71 1863 117 1890 hic
129 1872 209 1898 quam
222 1863 327 1890 lumen:
347 1871 426 1897 quem
441 1862 505 1897 quia
518 1863 590 1890 inter
602 1862 654 1890 hoc
670 1869 696 1891 et
710 1864 833 1892 vmbram
847 1866 917 1898 essct,
930 1867 1133 1902 appellauerunt

74 1905 169 1927 (onon.
206 1899 275 1925 Hinc
289 1898 405 1927 Lumina
418 1898 549 1926 orationis
563 1898 626 1934 sunt
638 1901 790 1932 Sententiae,
801 1903 934 1937 praecipue
948 1913 1011 1938 quae
1024 1905 1050 1929 in
1063 1906 1131 1931 clau-

65 1935 131 1972 sulis
143 1942 277 1971 ponuntur.
318 1935 375 1962 isid.
390 1934 501 1969 Qun&
522 1941 546 1968 8,
561 1944 583 1968 5,
595 1944 617 1963 2.
654 1936 711 1963 Cic.
726 1935 757 1963 de
766 1936 838 1965 Clar.
847 1937 921 1965 Orat.
936 1942 976 1967 261
998 1949 1020 1967 c.
1034 1949 1061 1973 75
1082 1942 1132 1967 Ita-

70 1980 124 2006 que
136 1980 220 2006 quum
234 1970 267 1997 ad
280 1970 347 1998 hanc
360 1971 506 1998 verborum
518 1971 678 1998 Latinorum
690 1971 849 2004 elegantiam
861 1974 983 2010 adiungit
1006 1975 1053 2003 illa
1072 1985 1130 2003 ora·
1149 1985 1182 2009 50
1196 1979 1252 2005 vid.
1271 1979 1477 2006 Intermenstrua
1490 1978 1559 2006 luna.

69 2007 140 2034 toria'
153 2011 309 2034 ornamenta
321 2006 442 2034 dicendi:
462 2014 520 2034 tum
533 2005 772 2042 videturtanquam
780 2009 881 2036 tabulas
889 2019 972 2044 paene
985 2011 1068 2045 pieias
1077 2012 1131 2038 col-

71 2042 159 2070 locare
174 2042 203 2069 in
216 2042 291 2069 bono
306 2043 418 2072 lumine.
462 2044 533 2070 Add.
545 2042 657 2076 Quin&
676 2052 701 2077 9,
727 2046 791 2076 1,’2ς
810 2052 856 2070 etc.
892 2045 948 2070 vid.
969 2051 1131 2082 εει-[ΕΜΑΗ.

71 2077 183 2112 Imperii
196 2079 312 2105 Romani
329 2078 420 2105 lumen
439 2077 538 2104 Vellei.
552 2086 576 2109 2,
589 2085 626 2109 52,
637 2085 659 2103 2.
696 2078 769 2110 Conf.
784 2078 823 2104 Id.
839 2087 862 2109 2,
877 2086 922 2110 99,
936 2087 953 2104 1.
977 2111 983 2116 ²
1024 2079 1132 2111 Ingenii

73 2112 248 2146 lumem-vid.
272 2119 468 2139 inse-mvn.
539 2111 618 2144 Virg.
639 2112 704 2137 Aen.
725 2120 744 2144 1,
757 2120 804 2144 595
830 2111 956 2146 Namque
975 2112 1030 2146 ipsa
1051 2112 1129 2139 deco-

72 2156 129 2174 ram
144 2147 293 2174 Caesaricm
305 2153 368 2174 nato
381 2146 519 2181 genetrix,
539 2146 697 2179 Lumenque
717 2146 841 2174 iuuentae
853 2155 1019 2180 purpureum
1039 2153 1066 2174 et
1078 2148 1130 2174 lae·
1139 2158 1167 2182 ςς

72 2189 114 2210 tos
133 2183 218 2210 oculis
231 2183 332 2209 afflarat
354 2182 482 2209 honores.
553 2181 610 2207 Cic.
631 2180 664 2206 de
684 2181 792 2207 Amicit.
811 2190 840 2212 27
869 2181 950 2214 Quod
969 2181 998 2208 in
1011 2190 1044 2209 eo
1060 2183 1131 2217 quasi

71 2218 163 2246 lumen
175 2218 285 2252 aliquod
298 2216 440 2252 probitatis
455 2221 482 2241 et
493 2214 602 2241 virtutis
614 2215 767 2250 prospicere
788 2215 945 2248 videamur,
963 2219 986 2246 h.
993 2228 1016 2245 e.
1041 2220 1131 2245 Maxi-

71 2264 137 2281 mam
147 2251 304 2289 probitatim,
376 2250 494 2278 Virtutis
505 2249 608 2285 lumen,
628 2251 705 2276 O'ara
717 2258 741 2277 et
753 2260 846 2287 magna
857 2253 949 2281 virtus.
986 2254 1042 2280 Cic.
1056 2255 1129 2281 Fam.

28 2304 33 2305 ν
71 2299 108 2322 12,
121 2300 133 2321 5
156 2289 237 2317 Nunc
256 2294 344 2316 autem
364 2293 428 2323 opto
437 2307 446 2320 ,
466 2292 496 2313 vt
510 2285 542 2313 ab
556 2286 612 2313 istis
626 2286 746 2313 Orientis
760 2286 878 2325 partibus
891 2288 1000 2315 virtutis
1019 2294 1078 2315 tuae
1091 2289 1132 2316 lu-

70 2325 255 2353 mencluccat.
326 2323 465 2351 Flauentia
476 2322 580 2350 lumina
593 2321 694 2349 calthae
713 2322 773 2353 Col.
787 2331 832 2354 10,
850 2332 890 2356 97.

70 2361 133 2389 Loti
148 2360 186 2388 Id.
200 2366 253 2392 258-
272 2360 383 2395 1‘.vfl0res.
577 2355 599 2396 ff
626 2366 653 2384 ιο
675 2359 703 2385 Α
713 2358 831 2386 librariis
842 2358 949 2387 Lumen
968 2360 1132 2395 confunditur

71 2407 124 2424 cum
143 2396 255 2430 Limen,
274 2397 318 2422 vbi
328 2397 383 2428 vid.

110 2440 128 2460 1.
139 2439 195 2459 VM
204 2430 219 2458 i‘
228 2438 251 2458 N
264 2437 285 2458 o
294 2451 303 2464 ,
323 2435 376 2458 are.
390 2431 404 2465 [
410 2431 528 2466 φωτίξω]
546 2431 615 2456 Idem
633 2430 699 2464 quod
712 2427 862 2459 taminare.
934 2431 1061 2459 Martian.
1084 2433 1132 2461 Ca-

70 2468 123 2504 pel.
137 2478 145 2495 1
167 2469 242 2501 Qios
255 2466 417 2494 stellantibus
431 2466 516 2493 oculis
529 2465 711 2493 interstinetos
724 2465 813 2494 crebri
833 2467 954 2495 vibratus
972 2468 1076 2504 ignium
1091 2469 1131 2496 lu-

69 2503 214 2531 inniabant.
255 2503 312 2530 Vid.
327 2504 413 2529 Locum
426 2503 542 2536 eim-dem,
561 2511 633 2536 quem
645 2510 700 2528 mox
711 2503 798 2529 damus
810 2503 838 2528 in
854 2510 967 2531 LVNA.

70 2542 163 2574 quarta
175 2539 232 2567 face
239 2538 353 2566 luminat
367 2539 434 2566 Oras
449 2537 545 2564 Anien.
560 2539 656 2573 Progn.
673 2546 720 2571 ¹27·
737 2539 844 2566 deluna.
916 2540 1017 2575 Spiritu
1029 2542 1053 2569 S.
1069 2550 1130 2568 ocu-

69 2576 110 2603 lus
125 2575 240 2603 interior
258 2574 405 2604 luminatur
417 2574 529 2602 Paullin.
543 2573 609 2601 Nol.
637 2574 684 2608 Ep.
705 2582 730 2607 41
750 2576 811 2607 (26)
828 2585 854 2602 n.
868 2584 881 2602 2
902 2584 969 2604 extr.
1050 2578 1129 2612 Apul.

67 2612 99 2638 in
116 2613 210 2638 Herm.
223 2610 359 2646 Trismeg.
372 2620 398 2646 p.
412 2612 444 2644 96
463 2609 546 2644 Tibi,
565 2610 637 2637 Deus
651 2610 762 2643 summe,
780 2611 877 2646 gratias
890 2621 955 2647 ago,
972 2612 1019 2647 qui
1034 2622 1077 2640 me
1091 2614 1130 2641 vi-

69 2647 168 2675 dendae
182 2646 329 2674 diuinitatis
341 2653 401 2674 tuae
415 2646 550 2674 luminasti
564 2646 675 2673 lumine.

108 2690 188 2711 LVM
200 2690 211 2710 1
225 2684 344 2710 NKTV
355 2689 369 2710 s
381 2703 389 2716 ,
409 2691 434 2716 a,
451 2691 507 2709 um.
545 2682 624 2723 Apul.
644 2683 709 2709 Met.
725 2691 740 2716 9
761 2691 786 2718 p.
801 2688 849 2713 280
867 2682 939 2710 Male
957 2684 1093 2718 luminati,
1112 2686 1129 2713 i.
1138 2691 1170 2716 70

70 2720 141 2746 Male
152 2720 273 2746 videntes.
364 2719 451 2746 Locus
472 2718 594 2745 fenestris
612 2717 754 2746 altioribus
774 2718 918 2747 luminatus
943 2720 1016 2748 Cael.
1037 2721 1129 2749 Aurel.

69 2756 145 2784 nent,
155 2765 172 2789 ι,
185 2764 209 2789 9,
224 2760 263 2786 58.
299 2755 370 2782 ΛΜ.
387 2754 520 2782 Id.Tard.
534 2764 553 2788 1,
572 2763 595 2786 ς,
610 2764 655 2786 ιςς.

110 2798 127 2818 1.
140 2798 162 2817 v
173 2798 200 2818 M
211 2798 221 2817 1
231 2790 285 2817 Νό
293 2797 306 2817 s
318 2797 341 2817 v
351 2797 366 2818 s
376 2810 386 2824 ,
405 2798 430 2822 a,
448 2799 503 2818 um.
523 2790 584 2818 Adi.
604 2791 617 2825 [
630 2790 774 2826 φεγγῶδης]
795 2791 931 2826 Significat
945 2792 1056 2820 Clarum
1065 2813 1074 2827 ,
1090 2794 1129 2819 in-

69 2827 126 2862 quit
138 2826 247 2854 Nonius
257 2835 280 2857 2,
299 2833 357 2861 489.
429 2826 528 2853 Omnia
540 2825 670 2853 Aedificia
684 2826 813 2854 luminosa
828 2833 857 2855 vt
872 2828 930 2859 sint,
948 2829 1037 2856 curari
1050 2838 1130 2864 opor.

68 2868 106 2890 tet
126 2863 197 2893 Vitr.
210 2864 235 2896 6,
250 2871 274 2896 9.

67 2903 96 2925 tt
108 2899 178 2933 quasi
192 2898 314 2926 aetuosae
329 2904 415 2933 partes
429 2898 506 2926 duae.

55 2932 174 2968 'dicitur,
194 2936 259 2970 quod
270 2934 373 2961 *umbrae
387 2935 525 2969 opponitur.

69 2969 148 3005 Epist.
164 2978 204 3005 ¹³7
221 2978 287 2996 extr.
359 2970 471 2996 Caelum
492 2970 630 3004 Augustin.
648 2970 728 2998 Conf.
743 2980 776 3005 15,
791 2977 831 3001 128
851 2980 918 3000 extr.
956 2972 1050 3001 San6'm
1066 2982 1128 3009 ope-

71 3013 101 3033 ra
113 3005 324 3033 luminosissimae
348 3005 474 3033 Caritatis
495 3005 569 3033 Idem
585 3006 632 3041 Ep.
646 3015 694 3040 ¹44·

581 2898 727 2925 Translatio
740 2898 772 2932 est
783 2910 799 2925 a
809 2900 924 2935 pinara,
943 2901 971 2926 in
985 2911 1036 2936 qua
1048 2902 1127 2927 lumen

597 2933 710 2961 Frueuts
718 2934 780 2961 Olei
794 2935 976 2963 luminosioris
991 2937 1128 2972 Augustin.

105 3047 123 3068 1.
134 3044 156 3068 v
167 3049 192 3069 M
203 3048 249 3069 1N
261 3048 284 3069 A
296 3047 366 3073 affe,
390 3041 422 3069 is.
446 3051 474 3069 n.
499 3040 616 3077 [φωςιὶρ]
640 3043 739 3070 Lumen.
757 3043 900 3079 Metaphor.
936 3044 994 3072 Cic.
1011 3043 1126 3080 Philipp.
1136 3049 1170 3074 80

71 3085 96 3110 2,
104 3085 128 3108 ςι
146 3087 169 3106 c.
182 3087 205 3106 21
227 3079 259 3106 In
272 3083 298 3104 te
311 3083 399 3104 autem
413 3078 451 3104 Μ.
464 3078 563 3104 Antoni
574 3077 602 3104 id
615 3077 857 3112 decreuitSeuatus,
870 3085 897 3106 et
910 3079 1129 3114 quidemincolu-

73 3111 134 3143 mis,
146 3113 264 3140 nondum
272 3119 312 3140 tot
328 3113 505 3141 luminaribus
518 3113 652 3147 extinffls,
663 3114 735 3149 quod
751 3115 779 3141 in
787 3115 889 3142 hostem
904 3121 1023 3150 togatum
1042 3118 1130 3145 decer-

73 3145 104 3172 ni
115 3147 150 3173 est
160 3149 266 3177 solitum
278 3159 354 3176 more
368 3149 513 3184 maiorum,
531 3150 549 3177 i.
566 3150 612 3176 Tot
626 3151 734 3185 egregiis
745 3151 813 3177 viris
828 3151 954 3179 extimis.
997 3153 1039 3180 Sic
1054 3155 1126 3181 editt.

76 3188 139 3208 vm.
150 3184 226 3211 Hodie
237 3186 322 3222 legunt
346 3185 515 3214 Luminibus.
552 3187 604 3213 Pro
617 3186 739 3222 foricuh's
766 3186 823 3215 Cat.
844 3187 877 3215 R.
890 3187 923 3216 R.
940 3197 977 3223 14,
996 3197 1019 3217 2.
1053 3190 1129 3225 Conf.

77 3216 182 3245 Turneb.
195 3221 262 3249 Adra.
287 3227 312 3256 8,
329 3229 363 3255 ¹3·

480 3296 717 3330 LVN

110 3366 160 3389 LV
171 3367 242 3395 NA,
257 3370 296 3390 ³0·
310 3364 331 3400 fi,
348 3365 457 3401 [σελήνῃ
474 3365 552 3402 μήνη]
573 3367 650 3395 Βὶέῖα
661 3378 678 3394 a
691 3367 828 3403 Lucendo,
843 3368 916 3404 quod
931 3369 1014 3397 11οέ111
1030 3369 1123 3396 luccat.

75 3397 118 3424 Sic
128 3398 207 3424 Varr.
220 3398 250 3424 L.
264 3395 294 3426 L.
313 3407 341 3432 4,
353 3410 390 3429 ιο.
415 3403 475 3437 Alii
492 3413 508 3430 a
527 3405 622 3431 Lucina
636 3405 735 3436 ducunt,
749 3412 869 3439 tanquam
887 3407 946 3432 inde
965 3406 1122 3432 contrallum.
1133 3414 1167 3440 90

74 3433 134 3460 Cic.
146 3433 176 3460 in
190 3434 279 3460 Somn.
295 3434 366 3470 Scip.
377 3443 390 3466 8
406 3447 427 3464 c.
441 3448 452 3470 3
468 3439 548 3467 Erant
563 3446 652 3467 autem
665 3449 711 3467 eae
730 3440 833 3472 stellae,
852 3450 916 3476 quas
934 3449 1069 3475 nunquam
1090 3449 1123 3468 cx

75 3467 129 3496 hoc
143 3469 204 3496 loco
223 3469 358 3503 vidimus,
385 3477 411 3497 ct
421 3481 466 3500 eae
477 3475 672 3510 magnitudines
692 3476 831 3510 omnium,
848 3486 911 3511 quas
925 3478 973 3504 ess'e
987 3486 1123 3511 nunquam

74 3504 194 3540 suspicati
208 3505 311 3532 sumus:
330 3514 362 3532 ex
376 3505 470 3539 quibus
483 3517 538 3537 erat
550 3520 579 3538 ea
594 3512 717 3547 minima,
735 3521 802 3547 quae
817 3512 912 3540 vltima
925 3513 1011 3546 caelo,
1032 3513 1124 3540 citima
1143 3542 1145 3544 ,
1163 3520 1166 3522 ’

74 3541 153 3567 terris
166 3540 224 3568 luce
237 3541 342 3569 lucebat
355 3540 448 3569 aliena.
482 3545 519 3572 Id.
531 3546 563 3573 de
577 3548 638 3575 Nat.
650 3548 731 3575 Deor.
745 3551 805 3581 2,68
826 3549 901 3576 Luna
914 3558 928 3576 a
943 3548 1056 3576 lucendo
1073 3558 1122 3576 no-

76 3610 148 3652 yisa,
172 3612 254 3640 modo
272 3612 370 3640 sinuata
389 3612 418 3639 in
440 3612 542 3644 orbem,
560 3619 698 3653 maculosa,
712 3620 857 3655 eademque
868 3621 956 3648 subito
965 3621 1123 3654 praenitens,

76 3648 204 3675 immensa
215 3648 282 3675 orbe
295 3649 383 3683 pleno,
402 3657 431 3676 ac
443 3654 551 3683 repente
563 3653 633 3680 nulla
651 3655 717 3683 Plin.
731 3665 753 3689 2,
769 3665 802 3690 ¹9·
875 3658 947 3683 Plur.
969 3656 1051 3683 Lunis
1066 3666 1124 3684 coe-

77 3683 209 3716 ptantibus
228 3684 310 3713 Solin.
325 3694 346 3712 c.
360 3694 394 3717 32.
468 3684 655 3715 Deficientibus
668 3691 705 3717 Id.
724 3701 745 3719 c.
767 3695 805 3724 3⁶·
863 3692 953 3726 Phases
965 3693 1121 3727 singulorum

77 3718 190 3757 mepfium
201 3719 241 3752 stc
259 3720 381 3756 designas.
454 3721 537 3747 Lunae
563 3720 649 3755 phases
663 3725 707 3758 seu
727 3728 936 3762 permutationes
944 3727 1005 3762 sunt
1020 3728 1121 3763 septem.

77 3751 191 3781 Primam
203 3756 231 3780 in
243 3764 272 3781 ea
281 3757 367 3791 phasin
374 3755 500 3792 statuunt,
516 3765 588 3791 quum
600 3760 718 3795 exoritur,
737 3765 890 3798 emergituea
898 3763 957 3799 sule.

79 3787 178 3815 eulatia
190 3791 291 3822 dicitur.
312 3800 356 3818 aut
370 3792 536 3819 corniculam
548 3792 618 3820 luna.
639 3802 667 3819 ea
675 3796 758 3830 figura
770 3810 785 3824 a
801 3800 903 3825 Graecis
916 3798 1054 3827 Menoides
1081 3810 1122 3826 no-

78 3823 198 3857 minatur,
217 3833 260 3852 aut
279 3827 436 3861 Monoides,
454 3835 484 3853 vt
503 3829 596 3863 legitur
616 3827 674 3864 (sed
690 3831 784 3866 vitiose,
803 3838 878 3869 puto)
897 3836 962 3870 apud
974 3834 1121 3862 Firmicum

78 3859 108 3886 in
123 3859 286 3888 praefatione
302 3863 367 3890 libri
383 3863 480 3899 quarti.
555 3864 636 3900 qulea
654 3863 894 3903 cst'DichotoinOS,
920 3872 961 3896 hoe
974 3870 1005 3907 ss
1019 3872 1121 3897 dimidio

77 3895 133 3921 orbe
145 3894 213 3930 caesa
224 3898 266 3922 vel
277 3899 390 3927 diuidua.
426 3900 524 3926 Deinde
535 3899 732 3935 Amphicyrtos,
750 3907 812 3935 quod
823 3905 863 3940 est,
881 3906 1000 3941 vti-inque
1007 3906 1121 3942 gibboso:

77 3936 161 3968 ‘utpote
172 3931 251 3959 maior
261 3933 375 3972 dimidia,
391 3936 472 3965 minor
485 3936 572 3974 plana.
608 3938 670 3964 Inde
687 3935 839 3977 Pansslene,
850 3941 906 3976 fiue
917 3941 1009 3978 plenaz
1033 3951 1046 3971 e
1059 3942 1123 3970 Solis
1132 3953 1176 3977 105
1189 3944 1244 3974 Vid.
1258 3943 1330 3971 en'am
1345 3940 1411 3968 Plin.
1421 3949 1443 3976 2,
1456 3950 1480 3977 9·

263 363 320 391 Cai.
341 364 373 391 D.
389 364 421 390 dc
432 365 552 392 seruitut.
566 363 660 390 vrban.
675 362 763 399 praed.
778 363 796 390 1.
812 373 821 390 1
841 364 1011 391 Vrbanorum
1027 365 1147 399 praedio·
1168 374 1183 397 5

359 543 396 570 ita
412 542 520 570 demum
532 541 574 568 ius
592 550 682 568 meum
703 543 814 576 amitto,
834 543 851 570 si
872 550 899 570 tu
911 553 958 579 per
972 543 1022 569 hoc
1041 547 1144 574 tempus
1157 549 1186 567 10

759 719 857 751 Sedyita
874 717 980 745 officere
988 719 1137 746 luminibus
1158 727 1183 750 ις

824 897 946 925 Frontin.
967 897 999 925 de
1018 898 1138 934 Aquaed.
1149 911 1181 930 20

751 1073 772 1113 ff
792 1084 807 1108 9
825 1076 963 1113 Quidquid
972 1077 999 1102 in
1006 1077 1052 1113 suo
1063 1087 1138 1113 gene·
1158 1086 1185 1110 ας

880 1435 937 1463 Cic.
952 1436 982 1464 in
1008 1437 1083 1464 Brut.
1104 1439 1137 1464 66
1155 1443 1182 1468 35

1187 2194 1249 2219 -ma,
1268 2192 1294 2212 et
1307 2186 1402 2220 prima.

961 2324 1132 2353 Gemmantia
1140 2326 1175 2353 60

1039 2505 1130 2533 A'e'rias
1139 2505 1168 2536 65

347 2862 403 2889 Cic.
415 2861 445 2888 iu
460 2863 535 2891 Orat.
549 2871 587 2894 1²5
601 2872 624 2889 c.
637 2860 666 2895 ’36
686 2863 764 2889 Τ11111
777 2863 836 2890 sunt
849 2865 1128 2899 maximeluminosae,
1138 2875 1164 2899 75

1134 3230 1163 3256 85
1185 3226 1231 3259 sis.

256 3577 332 3604 Luna
352 3576 434 3604 modo
451 3585 556 3608 curuata
568 3582 597 3609 in
609 3592 725 3619 cornua,
744 3585 827 3611 modo
842 3594 924 3620 aequa
942 3584 1067 3619 portione
1082 3583 1122 3611 di·
1140 3593 1171 3621 95
1187 3586 1258 3612 ciens
1273 3585 1335 3612 luna
1350 3584 1416 3612 Plin.
1430 3595 1452 3619 2,
1465 3594 1489 3618 9.

996 3765 1026 3789 Et
1034 3765 1120 3791 corni·
1131 3771 1177 3788 100
1186 3774 1238 3797 344,

1625 140 1853 183 LVN

1212 225 1309 259 regione
1320 233 1392 260 quum
1407 223 1555 254 nwmaliter
1561 225 1672 263 steterit.

1213 257 1361 288 chotomos.

2206 170 2269 205 ¹42

1586 265 1591 270 .
1615 265 1620 269 ”
1685 266 1690 272 ·
1729 232 1866 272 Rgafusque
1881 234 2073 273 Amphicyrtos,
2091 250 2121 266 ac
2134 242 2211 268 denuo
2219 243 2265 270 Di-

1414 264 1517 303 Dpnum
1529 264 1631 290 lummzs
1643 268 1807 300 ‘vnttietjltmre
1819 269 1952 304 primunr,
1971 282 2042 306 quum
2057 274 2134 308 silete
2146 277 2264 314 intellr'gi-

1212 301 1271 336 tu-r:r
1286 303 1308 334 rt
1321 306 1336 322 a
1350 298 1451 324 Graecus
1464 298 1594 330 Synodica
1608 309 1771 337 nuru-npetu),
1790 305 1858 329 velut
1873 315 1924 331 cum
1938 309 1991 333 Sole
2003 319 2133 338 convexans
2165 320 2195 338 vt
2210 321 2264 340 tra·

1212 331 1249 374 dit
1270 331 1353 371 [beon.
1384 335 1462 372 *llaec
1479 344 1509 360 ex
1533 335 1651 363 Firmico
1663 345 1686 363 et
1702 338 1780 365 Mart.
1799 339 1916 374 Capella.
1988 346 2054 370 (jael.
2070 332 2171 382 lehnli'g.
2187 357 2219 375 2ο
2244 360 2264 382 7.

1212 366 1346 403 §enmefic
1361 368 1489 396 Firmicus
1503 379 1521 403 4
1540 371 1680 407 Pracfifin.
1701 373 1743 400 Est
1757 374 1831 401 Luna
1845 382 1889 402 aut
1901 377 2039 412 synodica,
2052 387 2095 407 aut
2109 383 2183 415 plena
2218 371 2263 412 dut

1211 398 1390 434 melioremus,
1411 411 1452 430 aut
1468 407 1607 445 menoides
1627 409 1783 441 (menoides
1796 411 1943 445 legendum)
1963 420 2006 440 aut
2025 406 2214 450 ampliicvrtos:
2237 426 2263 447 ct

1210 443 1256 468 pcr
1277 435 1322 461 has
1338 444 1447 463 mutatas
1469 443 1567 480 formas
1586 444 1674 470 cursus
1694 445 1821 472 menstrui
1839 447 1947 474 luminis
1960 451 2082 484 complet.
2119 445 2263 482 Martianus

1210 478 1289 510 autc-{n
1304 477 1317 501 8
1331 481 1356 506 p.
1369 482 1407 505 291
1423 473 1458 507 sq.
1468 479 1519 506 stc:
1538 479 1612 516 Quae
1629 479 1738 513 quidem
1751 482 1826 508 Luna
1839 492 1897 509 cum
1912 492 1972 510 cum
1986 486 2090 520 (solum)
2110 487 2137 513 iu
2151 490 2263 518 orientis

1209 506 1326 546 partibus
1341 510 1584 550 coruptwlrendcrtt,
1604 515 1771 549 obscuratum
1790 524 1816 544 ct
1829 528 1888 545 cuin
1903 519 1931 546 in
1944 522 2035 547 occasu
2051 522 2205 558 deseruerit,
2225 527 2264 553 lu-

1369 544 1546 589 ciuus-prum
1562 547 1670 575 luminis
1684 551 1782 585 effigies
1794 554 1952 588 quibusdam
1974 557 2047 583 velut
2068 559 2194 585 cornibus
2213 562 2264 588 cir-

1208 577 1422 620 culatapnvonlnq
1434 579 1541 607 dicitur.
1615 584 1683 610 Cum
1699 596 1764 614 vcro
1778 589 1825 616 XC
1837 590 1954 624 partibus
1967 601 1981 618 a
1993 593 2047 619 sole
2066 594 2202 621 discedens
2222 606 2265 623 οι·-

1208 613 1268 640 bem
1283 623 1339 654 etus
1354 615 1517 656 mediatenus
1533 616 1604 644 idem
1617 620 1706 646 radius
1722 620 1868 658 luminarit,
1886 627 1995 658 διάη-μς
2015 628 2179 663 perhibetur.
2215 632 2263 659 Sed

1207 649 1350 690 praedi-Etis
1381 652 1484 692 ‘art-ibus
1498 661 1559 693 cuin
1576 653 1638 680 alias
1651 654 1723 682 XLV
1737 658 1871 693 adiecerit,
1886 663 2042 696 perhibemr
2055 668 2215 700 ἀμφίκυρτος,
2236 668 2263 694 id

1207 685 1243 711 est
1258 694 1346 728 maior
1365 687 1481 727 ⁴uutdtrt,
1501 696 1592 728 minor
1606 690 1690 724 plena.
1764 694 1832 721 Cum
1846 700 1911 724 'vcro
1925 697 2042 727 CLXXX
2057 701 2175 735 partibus
2187 710 2202 728 a
2224 703 2264 730 so-

1206 720 1396 760 leldiscesserit,
1416 729 1553 750 contrario
1568 725 1647 759 posita
1660 731 1742 754 totam
1758 737 1868 765 partem,
1889 742 1966 765 quam
1983 736 2060 762 terris
2068 738 2181 772 opponit
2203 738 2265 765 illu—

1205 763 1298 797 minat,
1320 763 1455 798 :favosa-nvo:
1477 759 1645 794 perhibetur:
1665 771 1694 788 ac
1710 762 1805 790 dehinc
1818 765 1940 793 dcticicus
1954 770 2039 798 seruat
2052 778 2108 800 tum
2120 758 2265 808 prat-'dicht

1203 793 1327 833 partibus
1337 802 1448 820 nomina
1460 802 1615 823 memorata.
1654 799 1740 833 Magis
1751 801 1905 834 papulariter
1921 803 1985 831 Plin.
2003 816 2022 839 2,
2033 817 2047 840 ι)
2062 809 2079 836 s.
2095 811 2110 835 6
2131 810 2265 837 Omnium

1204 828 1411 856 admiranonem
1426 830 1512 858 vincit
1525 833 1694 860 nouissimum
1708 834 1775 861 lidus
1787 836 1919 870 terrisque
1934 839 2162 871 familiar-imnum)
2195 852 2221 872 ct
2233 846 2264 872 in

1203 864 1375 892 tenebrarum
1388 865 1537 893 remedium
1552 868 1584 894 ab
1599 875 1692 896 natura
1705 877 1851 906 repertum,
1870 871 1961 899 Lunae
1997 891 2042 896 a
2065 866 2179 907 crestcn's
2198 882 2264 908 scm.

1204 909 1251 935 pcr
1263 906 1307 927 aut
1322 902 1462 928 senescens.
1537 904 1568 930 Et
1582 905 1664 932 modo
1680 912 1787 934 curuata
1802 907 1829 933 in
1844 917 1954 941 cornua,

1204 945 1238 962 ne
1251 937 1345 972 diuisa,
1365 937 1447 964 modo
1461 935 1558 965 sinuata
1572 940 1600 966 in
1613 941 1721 969 orbenu
1743 942 1885 977 uiacmlosa,

1205 977 1262 998 tens
1276 972 1402 999 immensa
1419 973 1486 1000 orbe
1500 975 1589 1009 pleno,
1615 984 1643 1003 ac
1661 985 1769 1012 repente
1789 978 1875 1006 nulla:

1974 911 2054 938 modo
2066 921 2147 948 acqua
2161 918 2263 951 portio-

1904 944 2048 983 cademquc
2060 948 2145 976 subito
2160 954 2264 986 praeni-

1351 1009 1354 1012 ι
1378 1009 1382 1013 ἱ
1441 1009 1445 1013 .
1612 1011 1616 1016 ¹
1911 979 1974 1006 alias
1989 991 2099 1016 pernox,
2121 986 2181 1013 alias
2196 989 2263 1021 scra,

1204 1013 1317 1047 et'parte
1330 1009 1383 1034 diei
1398 1009 1460 1035 solis
1476 1010 1562 1037 lucem
1576 1011 1718 1039 adluuans:
1738 1014 1873 1048 deficiens,
1894 1016 1958 1042 etin
1974 1017 2078 1045 defeetu
2099 1026 2185 1048 tamen
2197 1033 2262 1051 con-

1204 1043 1307 1078 spicua,
1337 1051 1403 1078 quae
1423 1046 1516 1072 mensis
1535 1047 1609 1073 exitu
1631 1047 1711 1083 latet,
1731 1059 1791 1076 cum
1812 1056 1900 1077 tamen
1923 1051 2043 1080 laborare
2062 1064 2116 1082 non
2136 1057 2261 1087 creditur.

1203 1080 1260 1106 Iam
1274 1088 1343 1106 vero
1357 1078 1467 1107 humilis
1482 1087 1508 1108 et
1522 1083 1621 1109 excelsa
1633 1092 1678 1112 etc.
1732 1085 1807 1120 Cunfi
1828 1091 1865 1119 18,
1880 1096 1905 1118 35
1920 1088 1936 1113 s.
1952 1098 1981 1121 7.)
2002 1092 2032 1115 de
2051 1092 2212 1126 eempsstanmr
2231 1105 2263 1120 ex

1205 1116 1266 1154 lirim
1277 1112 1424 1151 praesagiis.
1497 1118 1575 1153 Apul.
1597 1119 1630 1146 de
1643 1119 1702 1147 Deo
1715 1121 1836 1156 Socr.pr.
1857 1123 1958 1150 Lunam
1972 1124 2034 1151 solis
2056 1123 2196 1161 aemulam,
2214 1140 2263 1157 no-

1205 1150 1255 1177 &1⁵
1272 1151 1361 1184 decus,
1382 1152 1425 1192 seu
1439 1154 1612 1188 corniculata,
1633 1156 1676 1190 seu
1697 1157 1823 1190 diuidua,
1841 1158 1885 1184 scu
1901 1162 2060 1195 protumida,
2079 1163 2206 1198 scuplcna
2220 1166 2263 1192 fit:

1205 1194 1305 1221 quanto
1325 1187 1430 1222 longius
1444 1190 1546 1217 sacesl'at
1561 1199 1575 1216 a
1594 1191 1659 1225 sole,
1679 1198 1753 1219 tanto
1771 1193 1876 1227 longius
1891 1195 2039 1224 collustrata
2059 1206 2103 1225 etr.
2120 1200 2182 1234 sunt
2198 1202 2264 1227 enim

1200 1223 1322 1258 pluscula.
1397 1224 1531 1252 Columel.
1548 1235 1578 1260 11,
1591 1236 1602 1260 3
1623 1230 1654 1253 de
1667 1229 1728 1253 allio
1742 1229 1842 1262 loquens
1852 1250 1860 1262 ,
1882 1232 2049 1259 Scruabimus
2065 1240 2094 1260 vt
2110 1234 2171 1260 luna
2191 1236 2263 1263 infra

1203 1264 1301 1299 terram
1314 1255 1352 1286 sit.
1424 1260 1491 1287 Plin.
1505 1267 1540 1294 18,
1554 1271 1579 1293 32
1597 1263 1746 1290 Seminaria
1760 1273 1843 1299 quum
1857 1265 1919 1292 luna
1931 1267 2008 1303 supra
2021 1275 2119 1296 terram
2133 1270 2172 1303 sit,
2188 1272 2262 1298 sieri:

1203 1294 1298 1321 calcari
1312 1295 1406 1327 musta,
1424 1305 1506 1331 quum
1520 1297 1582 1324 luna
1594 1299 1642 1325 sub
1655 1305 1733 1327 terra.
1807 1301 1881 1327 Idem
1897 1312 1931 1335 ¹4,
1945 1313 1966 1330 21
1987 1305 2042 1339 Ipsa
2058 1314 2164 1339 quoque
2173 1306 2262 1333 dcsru-

1203 1335 1229 1357 ta
1247 1339 1276 1357 ac
1290 1332 1371 1367 sapaS,
1390 1342 1453 1366 qum
1467 1333 1496 1359 sit
1511 1333 1613 1361 caelum
1627 1335 1681 1362 sine
1693 1335 1763 1362 luna.
1783 1336 1806 1362 h.
1827 1346 1847 1364 c.
1867 1340 1896 1363 ln
1917 1339 2011 1371 fulcris
2025 1341 2077 1367 eius
2091 1342 2166 1375 coitu,
2186 1351 2262 1377 neque

1202 1364 1253 1393 alio
1272 1367 1313 1393 die
1331 1369 1401 1402 coqui
1420 1369 1512 1395 iubent.
1586 1371 1670 1398 Αιιὲὶει
1682 1377 1709 1398 et
1721 1371 1816 1398 damna
1838 1373 1917 1400 lunae
1942 1374 2008 1403 Geli.
2030 1385 2070 1409 20,
2083 1386 2105 1409 7.
2168 1378 2262 1405 coitus

1203 1402 1280 1430 lunae
1308 1403 1374 1430 Plin.
1389 1406 1432 1437 16,
1451 1414 1489 1437 39.
1529 1406 1586 1433 Vid.
1609 1407 1692 1433 Silens
1712 1407 1783 1434 luna.
1813 1408 1887 1435 Idem
1908 1419 1929 1444 2,
1951 1420 1972 1442 13
1999 1412 2125 1439 Πεΐεέιιιε
2144 1411 2263 1440 ducentis

1200 1438 1299 1472 viginti
1318 1439 1423 1466 duobus
1444 1441 1576 1468 mensibus
1589 1442 1677 1469 redire
1691 1443 1721 1469 iu
1734 1444 1794 1471 suos
1810 1444 1888 1471 orbes
1909 1453 2011 1474 certum
2024 1449 2075 1481 est,
2091 1449 2204 1483 solisque
2217 1449 2262 1476 de-

1201 1474 1303 1500 fthum
1322 1484 1377 1501 non
1398 1474 1446 1503 nisi
1463 1477 1601 1504 nouislima
1619 1478 1741 1514 primane
1761 1480 1821 1507 fieri
1841 1481 1917 1514 luna,
1937 1482 2009 1516 quod
2036 1491 2131 1511 vocant
2150 1486 2261 1515 coitum.

1202 1510 1351 1537 Concursus
1366 1511 1442 1538 lunae
1458 1519 1483 1539 ct
1495 1513 1567 1544 solis,
1578 1521 1623 1549 pro
1637 1515 1709 1541 coitu
1728 1516 1796 1543 Cels.
1817 1526 1835 1550 1,
1851 1526 1873 1549 4.
1946 1518 2037 1546 Lunae
2051 1521 2163 1547 Cursum
2177 1522 2261 1548 comi-

1200 1551 1251 1573 tata
1264 1546 1365 1573 insania
1379 1548 1475 1575 inentis
1494 1550 1603 1576 qucnc.
1618 1560 1636 1584 1,
1651 1553 1706 1583 476.
1724 1554 1755 1578 de
1769 1553 1847 1578 morbo
1860 1562 1958 1587 eorum,
1977 1555 2021 1589 qui
2039 1564 2160 1582 vocantur
2174 1556 2260 1584 ῐ.1111.>1Ξ

1201 1582 1257 1609 tici.
1335 1583 1461 1610 Defectus
1482 1584 1559 1612 lunae
1585 1585 1652 1613 Plin.
1674 1595 1704 1617 2,
1726 1596 1763 1614 10.
1843 1588 1946 1615 Globus
1967 1586 2042 1617 luna'i
2060 1592 2163 1620 Lucret.
2178 1602 2199 1625 5,
2216 1602 2258 1625 70.

1536 1620 1610 1648 Idem
1624 1622 1723 1656 Georg.
1737 1632 1760 1656 2,
1774 1628 1818 1655 478
1840 1624 1966 1651 DefeGius
1979 1625 2041 1652 solis
2056 1627 2157 1660 varios,
2171 1627 2261 1654 lunae-

1199 1663 1250 1689 que
1266 1653 1379 1688 labores,
1401 1656 1419 1683 i.
1431 1655 1539 1691 eclipses,
1552 1666 1614 1691 quae
1628 1667 1680 1683 cum
1687 1660 1765 1692 fiunt,
1784 1657 1920 1685 Laborare
1938 1657 2000 1686 luna
2013 1662 2116 1688 dicitur.
2190 1664 2262 1690 Mea-

1199 1696 1239 1717 tus
1254 1688 1315 1717 solis
1328 1690 1459 1726 lunaeque
1480 1692 1585 1718 Lucret.
1600 1702 1619 1726 1,
1640 1702 1688 1726 ¹29·
1760 1693 1800 1720 Ad
1815 1694 1892 1720 lunae
1911 1695 2018 1723 Motum
2038 1697 2142 1724 variant
2162 1699 2261 1725 anima·

1197 1726 1234 1753 lia
1246 1735 1342 1760 corpus
1364 1727 1456 1754 Manil.
1473 1736 1491 1760 c,
1509 1736 1550 1761 94.
1584 1746 1587 1748 -
1622 1728 1735 1757 Numen
1747 1728 1825 1756 lunae
1846 1729 1914 1758 Plin.
1930 1736 1966 1764 18,
1979 1741 2014 1764 32.
2050 1754 2055 1764 ,
2088 1733 2170 1760 Orbis
2182 1734 2261 1761 lunae

1199 1761 1273 1789 Idem
1288 1771 1310 1795 2,
1331 1772 1355 1797 9.
1372 1763 1426 1790 vid.
1447 1769 1557 1791 ORBIS.
1631 1765 1716 1791 Status
1727 1764 1806 1792 lunae
1827 1765 1902 1792 Idem
1917 1772 1952 1802 18,
1972 1776 2012 1801 29.
2085 1768 2180 1796 Vultus
2199 1778 2262 1804 pur-

1876 1798 1897 1839 ἢ
1924 1811 1935 1829 2
1965 1804 2095 1839 Epitheta:
2120 1804 2179 1832 Alta
2198 1805 2262 1833 luna

1199 1835 1275 1869 Virg.
1289 1835 1355 1860 Aen.
1370 1844 1397 1869 9,
1411 1844 1466 1868 403.
1539 1835 1686 1870 Aquilonia
1706 1835 1774 1864 Plin.
1789 1845 1811 1870 2,
1826 1846 1865 1872 97.
1886 1838 1940 1864 vid.
1963 1846 2100 1879 AQVILo.
2173 1843 2262 1868 Aurea

1199 1870 1285 1897 Ouid:
1295 1870 1360 1897 Met.
1377 1880 1415 1904 io,
1441 1877 1494 1903 448.
1566 1872 1700 1905 Bicornis,
1722 1873 1813 1907 regina
1831 1872 1944 1900 siderum
1971 1875 2040 1902 Hor.
2056 1876 2084 1902 in
2099 1877 2187 1904 Carni.
2202 1878 2260 1905 Sae-

1198 1905 1249 1933 cul.
1263 1915 1290 1933 v.
1305 1915 1340 1938 35.
1414 1905 1534 1934 Candida
1547 1907 1623 1941 Virg.
1637 1909 1702 1935 Aen.
1716 1918 1736 1941 7,
1753 1919 1776 1943 9.
1847 1910 1918 1936 Caua
1939 1910 2005 1937 Plin.
2021 1918 2045 1945 8,
2059 1921 2100 1946 54.
2153 1913 2260 1940 Celeres

1197 1943 1268 1970 Hor.
1290 1942 1379 1970 Carm.
1401 1953 1424 1976 q,
1438 1953 1460 1979 7,
1476 1953 1506 1976 13·
1578 1944 1735 1970 Decrescens
1760 1944 1826 1971 Plin.
1849 1955 1881 1978 17,
1895 1955 1910 1979 9
1928 1948 1963 1971 ad
1973 1949 2058 1982 finem.
2131 1947 2261 1982 Dimidia,

1633 1979 1778 2005 Dimidiata
1798 1980 1864 2005 Plin.
1888 1986 1926 2012 18,
1940 1989 1975 2011 32.
2048 1981 2121 2009 Idem
2135 1992 2157 2015 2,
2179 1989 2202 2014 18
2227 1986 2259 2011 111

1197 2013 1327 2046 quadrato
1340 2013 1402 2037 solis
1416 2013 1527 2037 diuidua
1541 2012 1586 2041 est,
1605 2012 1634 2036 in
1647 2014 1780 2045 triquetro
1793 2014 1921 2040 seminani
1935 2014 2053 2042 ambitur
2065 2017 2140 2050 orbe,
2163 2019 2258 2053 imple-

1198 2052 1243 2070 tur
1254 2051 1342 2070 autem
1356 2045 1383 2069 in
1397 2045 1516 2070 aduerso.
1590 2045 1685 2073 Errans
1708 2048 1842 2081 Qiinffll.
1864 2059 1880 2081 1,
1895 2059 1932 2077 10.
2007 2051 2083 2079 Varr.
2098 2053 2129 2079 de
2142 2053 2173 2080 R.
2190 2057 2219 2081 n.
2237 2065 2245 2081 1

1197 2087 1222 2112 37
1239 2078 1301 2105 Dies
1314 2078 1419 2106 lunares
1434 2088 1541 2114 quoque
1554 2079 1723 2115 obseruandi,
1743 2084 1789 2117 qui
1805 2085 1920 2118 quodam
1933 2085 2015 2113 modo
2026 2087 2154 2121 bipartiti.
2174 2076 2257 2118 Quod

1194 2123 1209 2140 a
1223 2123 1294 2141 noua
1306 2114 1370 2141 luna
1391 2115 1484 2142 crescit
1496 2115 1527 2142 ad
1541 2116 1657 2151 plenam,
1683 2126 1709 2144 et
1723 2119 1786 2145 inde
1799 2121 1887 2146 rursus
1900 2121 1932 2147 ad
1946 2131 2043 2149 nouam
2058 2124 2145 2150 lunam
2167 2118 2255 2153 dfere-

1195 2149 1251 2184 scit,
1260 2150 1333 2185 quod
1347 2151 1437 2178 veniat
1450 2151 1482 2178 ad
1496 2152 1777 2185 intermenstrut¹111‚oe
1791 2163 1846 2187 quo
1861 2155 1905 2181 die
1918 2156 2016 2183 dicitur
2029 2157 2091 2185 luna
2108 2161 2156 2186 csse
2165 2161 2256 2188 Extre-

1478 2186 1604 2219 Globosa,
1622 2196 1655 2212 an
1670 2187 1757 2221 plana,
1776 2197 1809 2214 an
1822 2196 1897 2216 acuta
1923 2192 2055 2224 Qtinftil.
2071 2204 2094 2227 7,
2110 2204 2129 2227 3.
2204 2197 2253 2223 Hi.

1196 2221 1294 2248 bernae
1307 2222 1416 2248 ventosa
1428 2221 1565 2247 cacumina
1580 2222 1658 2248 lunae
1679 2223 1740 2250 Stat.
1762 2220 1853 2252 Theb,
1873 2235 1893 2261 3,
1907 2232 1944 2258 43,
1987 2228 2058 2261 Qua
2077 2229 2145 2265 signa
2159 2238 2255 2267 tempe.

1195 2256 1266 2282 statis
1288 2256 1317 2282 in
1330 2256 1407 2283 lunae
1425 2256 1551 2282 cornibus
1565 2257 1623 2283 sunt
1637 2259 1784 2286 constituta.
1820 2260 1966 2291 Luetatius.
2002 2263 2068 2290 Plin.
2093 2273 2125 2299 ¹8,
2142 2277 2166 2298 32
2187 2268 2256 2296 sver-

1196 2300 1242 2318 cus
1254 2291 1303 2318 nisi
1316 2291 1480 2319 decrescente
1494 2293 1556 2319 luna
1572 2301 1605 2319 ne
1632 2294 1743 2329 tangito.
1780 2296 1899 2324 Maxime
1910 2299 2117 2328 Intermenstrua
2131 2303 2254 2331 dimidia-

1197 2336 1249 2362 que
1262 2327 1416 2355 stercorato.
1486 2328 1560 2356 Idem
1573 2335 1607 2365 18,
1621 2339 1649 2363 39
1670 2331 1730 2357 Nisi
1744 2332 1907 2360 Intermestri
1921 2333 1983 2361 luna
2010 2342 2087 2371 atque
2107 2337 2255 2374 dimidiata,

1196 2372 1230 2390 ne
1249 2368 1337 2398 tangas
1351 2364 1498 2391 matcrIem.
1573 2366 1708 2393 Menstrua
1726 2367 1802 2402 Virg.
1817 2369 1914 2404 Geor-g.
1924 2379 1943 2403 1,
1956 2379 2002 2403 353.
2075 2374 2167 2400 Minor
2184 2376 2253 2402 Hor.

1196 2399 1277 2426 Serm-
1291 2408 1312 2433 2,
1328 2399 1351 2431 ε’,
1367 2409 1400 2432 32.
1418 2401 1436 2426 i.
1450 2401 1595 2432 Imminuta.
1669 2403 1810 2431 Nascentes
1831 2404 1868 2433 Id.
1883 2404 1949 2433 ibid.
1968 2417 1991 2440 2,
2010 2417 2034 2441 4,
2047 2417 2085 2440 30·
2156 2410 2253 2438 Nosti-

1196 2444 1262 2470 vaga
1276 2436 1338 2463 Stat.
1355 2436 1418 2463 Silu.
1432 2446 1453 2468 3,
1468 2446 1489 2472 ς,
1503 2446 1551 2464 101.
1623 2438 1721 2465 Nouae
1733 2447 1847 2474 pergunt
1860 2441 1972 2469 interire
1986 2443 2062 2471 lunae
2084 2446 2150 2472 Hor.
2164 2447 2253 2475 Carni.

1196 2480 1220 2505 a,
1234 2474 1317 2507 18‚16·
1389 2471 1548 2506 Nouissima,
1571 2474 1626 2501 vid.
1645 2474 1738 2501 Coitus
1757 2476 1844 2505 lunae.
1874 2477 1940 2505 Plin.
1954 2487 1977 2513 2,
1993 2488 2032 2512 97.
2052 2480 2105 2508 vid.
2126 2488 2253 2512 NOVVS.

1196 2507 1300 2534 Pernox
1319 2507 1387 2535 Plin.
1400 2517 1422 2541 2,
1436 2518 1460 2542 9.
1497 2509 1558 2536 Liu.
1572 2519 1595 2542 5,
1610 2516 1639 2541 28
1657 2518 1723 2537 extr.
1795 2513 1867 2540 Caes.
1882 2513 1947 2541 Bell.
1970 2514 2039 2542 Gall.
2063 2527 2086 2549 4,
2098 2526 2128 2551 29
2154 2518 2252 2545 Eadem

1196 2543 1276 2570 noete
1293 2543 1388 2577 accidit
1402 2550 1432 2570 vt
1447 2545 1507 2571 esset
1520 2544 1583 2572 luna
1590 2545 1677 2573 Plena.
1748 2546 1815 2574 Plin.
1829 2553 1862 2581 18,
1875 2558 1900 2581 32
1922 2550 1981 2576 Oua
1996 2551 2057 2578 luna
2076 2561 2146 2579 noua
2159 2552 2253 2589 suppo-

1194 2579 1262 2607 nito.
1335 2579 1444 2606 Scrobes
1458 2581 1521 2608 luna
1529 2580 1607 2608 Plena
1621 2583 1703 2609 nocht
1718 2582 1810 2618 facito,
1828 2586 1882 2610 vid.
1905 2591 2035 2614 Novvs.
2109 2589 2252 2624 pauperata

1196 2612 1343 2642 luminibus
1357 2616 1467 2644 Firmie.
1482 2627 1500 2650 1,
1513 2626 1535 2644 2.
1609 2618 1699 2645 Prima
1712 2618 1774 2646 luna
1788 2619 1907 2648 Scribon.
1921 2631 1952 2648 12.
2023 2624 2045 2650 A
2054 2623 2141 2652 Prima
2150 2625 2211 2652 luna
2219 2625 2252 2652 ad

1194 2651 1352 2678 tricesimam
1367 2651 1403 2679 ib.
1476 2654 1576 2686 Qtarta
1589 2653 1652 2680 luna
1675 2654 1749 2688 nati,
1768 2656 1786 2682 i.
1805 2656 1933 2691 Labor-iffi
1942 2665 1966 2684 et
1978 2659 2101 2693 infelices,
2123 2662 2177 2688 vid.
2194 2662 2251 2688 Chi·

1194 2687 1257 2714 lirul.
1329 2688 1466 2715 Radiantis
1483 2689 1573 2724 imago
1592 2689 1670 2716 lunae
1697 2690 1772 2726 Virg.
1794 2693 1857 2720 Aen.
1879 2699 1907 2727 8,
1926 2703 1960 2726 23.
2032 2695 2176 2724 Redeuntis
2192 2706 2251 2724 cor-

1194 2732 1246 2750 nua
1260 2723 1348 2759 lunae,
1368 2724 1386 2750 i.
1399 2725 1555 2760 Renascentis
1574 2726 1657 2753 Ouid.
1681 2726 1745 2753 Met.
1763 2736 1801 2761 10,
1814 2737 1868 2762 479.
1925 2729 2038 2758 Roscida
2063 2731 2138 2766 Virg.
2151 2733 2250 2773 Georg.

1194 2769 1216 2794 3,
1229 2769 1275 2793 337.
1347 2759 1454 2787 Rubens
1469 2761 1537 2788 Hor.
1551 2761 1634 2789 Serm.
1648 2772 1667 2795 1,
1683 2768 1707 2795 8,
1721 2771 1766 2789 1ο.Δ
1828 2763 1911 2791 Ouid.
1926 2766 2016 2793 Amor.
2031 2776 2054 2800 a,
2070 2777 2088 2800 1,
2103 2777 2128 2800 23
2147 2769 2250 2795 Carnu-

1196 2805 1229 2821 na
1237 2796 1399 2831 Sanguineae
1413 2796 1544 2823 deducunt
1557 2806 1657 2825 cornua
1671 2797 1757 2824 lunae.
1829 2799 1944 2827 Secunda
1960 2802 2024 2828 Plin.
2038 2808 2077 2833 28,
2097 2805 2131 2830 16.
2188 2805 2249 2831 Sera

1193 2831 1267 2859 Idem
1286 2841 1307 2865 2,
1320 2841 1344 2866 9.
1383 2832 1454 2859 Sicca
1475 2832 1548 2860 Idem
1561 2843 1594 2866 17,
1607 2844 1622 2866 9
1641 2835 1730 2869 adfin.
1788 2834 1883 2861 Sitiens
1896 2837 1958 2863 luna
1976 2838 2048 2865 Idem
2072 2848 2104 2872 17,
2118 2848 2142 2872 9.
2179 2839 2247 2867 Ibid.

1193 2872 1251 2900 c.1.'2
1274 2868 1350 2894 Luna
1365 2868 1481 2906 sitiente,
1501 2870 1543 2894 hoc
1556 2869 1670 2904 eflstccae.
1742 2869 1833 2897 Tacit.
1855 2871 1924 2899 Hist.
1947 2882 1974 2906 3,
1997 2883 2022 2906 23
2049 2874 2140 2901 Donec
2161 2875 2248 2902 adulta

1193 2904 1273 2931 nofte
1286 2903 1348 2930 luna
1357 2904 1470 2939 Surgens
1484 2903 1634 2931 ostenderet
1647 2904 1724 2931 acies.
1797 2906 1911 2934 Tacitae
1923 2917 1972 2943 per
1984 2910 2068 2936 amica
2091 2910 2190 2937 silentia
2210 2911 2247 2936 lu-

1193 2949 1241 2966 nae
1266 2940 1341 2975 Virg.
1369 2941 1434 2967 Aen.
1456 2950 1477 2972 2,
1498 2948 1550 2974 255.
1621 2940 1770 2967 Tricefima
1788 2942 1851 2969 luna
1877 2944 1996 2972 Scribon.
2020 2955 2052 2971 12.
2122 2945 2246 2972 Turbida

1193 2973 1286 3003 Claud.
1300 2976 1332 3002 de
1344 2974 1408 3003 Bell.
1423 2974 1532 3002 Gildon.
1545 2984 1598 3009 495.
1672 2977 1802 3004 Vicesima
1816 2978 1888 3012 luna,
1907 2987 1952 3015 pro
1972 2980 2082 3013 Vicefimo
2098 2981 2137 3005 die
2147 2980 2243 3015 prstno-

1193 3021 1251 3038 vam
1263 3013 1356 3038 lunam.
1413 3012 1479 3038 Plin.
1495 3020 1518 3045 2,
1532 3020 1562 3045 97
1581 3012 1671 3039 Aestus
1684 3012 1755 3039 idem
1770 3014 1861 3042 triduo
1880 3016 1909 3042 in
1930 3018 2018 3042 mense
2038 3015 2150 3042 consistit
2170 3015 2245 3050 septi.

1194 3056 1253 3080 ma,
1274 3047 1378 3082 odiaua,
1399 3056 1522 3082 nonaque
1535 3047 1604 3074 luna.
1755 3047 1776 3087 q
1794 3059 1805 3082 3
1831 3052 2104 3085 Verborumformulae.-
2125 3051 2185 3085 Agit
2203 3051 2245 3078 111-

1194 3091 1227 3109 na
1244 3083 1291 3109 sub
1305 3089 1376 3110 terra
1395 3083 1461 3112 Plin,
1478 3089 1511 3116 18,
1529 3092 1563 3115 32.
1601 3084 1734 3117 Quinffil.
1747 3094 1764 3118 1,
1783 3095 1808 3112 10
1829 3087 1902 3120 Iopas
1917 3086 1961 3112 ille
1981 3085 2066 3119 (Virg.
2076 3087 2139 3112 Aen.
2157 3096 2172 3120 1,
2187 3090 2244 3119 7418)

1192 3119 1368 3146 nonneCanit
1405 3134 1451 3139 -—-
1470 3126 1603 3146 errantem
1618 3120 1723 3153 lunam,
1743 3120 1857 3155 solisque
1869 3120 1988 3147 labores?
2029 3121 2141 3148 Collioit
2161 3131 2245 3156 quum

1192 3154 1310 3189 primum
1328 3155 1402 3189 ignes
1424 3155 1486 3181 luna
1506 3162 1669 3183 reuertentes
1707 3157 1781 3191 Virg.
1807 3157 1903 3190 Georg.
1930 3165 1953 3189 1,
1977 3165 2030 3189 427.
2101 3142 2246 3192 Complent

1192 3199 1292 3217 cornua
1305 3191 1382 3218 lunae
1395 3191 1420 3217 se
1433 3191 1510 3217 tertia
1522 3191 1624 3218 lumine
1646 3191 1722 3226 Virg.
1736 3193 1800 3218 Aen.
1814 3201 1835 3224 3,
1848 3193 1901 3224 645.
1926 3192 1943 3218 i.
1959 3193 2007 3217 Hic
2027 3193 2114 3218 tertius
2133 3193 2164 3229 est
2177 3198 2243 3220 men-

1306 3228 1383 3254 Varr.
1398 3227 1430 3253 de
1444 3227 1476 3253 R.
1494 3227 1526 3254 R.
1540 3237 1558 3260 1,
1570 3236 1598 3260 37
1619 3228 1753 3260 Qiaedam
1768 3226 1887 3253 facienda
1901 3226 1928 3253 in
1943 3226 2010 3261 agris
2026 3228 2113 3261 potius
2121 3226 2243 3256 Crescen.

1190 3268 1216 3288 te
1229 3262 1301 3296 luna,
1315 3271 1394 3297 quam
1409 3263 1561 3290 senescente.
1633 3263 1720 3288 Paullo
1731 3262 1790 3298 pff,
1810 3263 1909 3289 Lunam
1924 3270 1949 3289 et
1958 3262 2133 3299 Crescentem,
2148 3270 2242 3291 ctcon-

1189 3304 1230 3325 tra
1243 3298 1424 3326 senescentem.
1495 3298 1560 3325 Plin.
1575 3303 1610 3329 18,
1622 3307 1647 3330 32
1666 3298 1765 3324 Omnia
1773 3307 1839 3332 quae
1854 3297 2006 3331 caeduntur,
2019 3307 2170 3336 carpuntur,
2184 3307 2241 3326 ton-

1189 3334 1297 3367 dentur,
1319 3335 1490 3362 innocentius
1504 3333 1666 3360 decrescente
1685 3333 1762 3367 luna,
1783 3343 1860 3368 quam
1881 3333 2018 3361 Crescente
2039 3334 2113 3362 fiunt.
2176 3337 2242 3363 Cre-

1189 3370 1236 3397 scit
1249 3370 1311 3397 luna
1330 3371 1396 3398 Plin.
1410 3381 1483 3404 (514.
1555 3369 1656 3396 Ostreis
1675 3375 1700 3396 et
1720 3369 1863 3401 conchyliis
1882 3369 2007 3396 omnibus
2028 3371 2156 3404 (dicitur)
2176 3380 2237 3397 con-

1188 3405 1302 3442 tingere,
1321 3413 1349 3434 vt
1362 3400 1421 3433 cuni
1436 3407 1497 3433 luna
1510 3405 1748 3440 pariter-Crescant,
1767 3405 1916 3440 pariterque
1924 3403 2133 3432 decrescantCic.
2147 3406 2237 3433 Diuin.

1187 3452 1201 3470 2
1217 3435 1242 3469 c:
1255 3452 1287 3476 14·
1322 3441 1561 3469 Decrescenteluna
1570 3440 1689 3468 Scribon.
1703 3444 1736 3467 16.
1771 3441 1924 3467 Decrescens
1938 3441 1999 3468 luna
2022 3443 2097 3468 Varr.
2117 3441 2148 3467 de
2163 3442 2192 3468 R.
2206 3443 2238 3469 R.

1188 3488 1208 3515 1,
1223 3488 1256 3511 37.
1295 3478 1432 3504 Deducere
1447 3478 1536 3504 lunam
1553 3477 1636 3508 caelo,
1654 3477 1768 3503 dicuntur
1783 3477 1918 3517 veneficae,
1931 3478 2016 3511 quillus
2023 3477 2161 3512 sitpmsts'tio
2168 3485 2236 3503 vetus

1188 3513 1285 3550 eclipses
1298 3514 1368 3540 huius
1375 3514 1464 3545 sideris
1475 3513 1639 3549 adfirIberet3
1658 3519 1742 3537 contra
1754 3510 1838 3537 inuam
1853 3521 1904 3537 eam
1918 3513 2040 3546 putabant
2052 3513 2146 3538 tinnitu
2158 3512 2235 3544 aeris,

1187 3558 1232 3577 etc.
1254 3549 1328 3585 Virg.
1353 3542 1406 3576 ΕΗ.
1420 3556 1443 3580 8,
1456 3551 1497 3583 69.
1535 3548 1670 3575 Deducere
1690 3546 1778 3572 lunam
1793 3555 1807 3573 e
1819 3554 1899 3573 curru
1918 3547 2053 3580 Τ11>1111.1,
2067 3554 2128 3577 3,.21.
2166 3547 2235 3573 Defi.

1559 3583 1653 3610 Deficit
1665 3581 1727 3608 luna
1744 3581 1816 3609 Idem
1830 3590 1851 3615 2,
1861 3592 1890 3615 ¹3·
1927 3584 2054 3618 Dcripcre
2063 3582 2150 3609 lunam
2164 3583 2235 3608 caelo

1187 3623 1255 3649 Hor.
1269 3620 1349 3656 Epod.
1359 3631 1380 3654 5,
1395 3623 1435 3654 46.
1471 3619 1736 3647 Euanescuntcornua
1743 3615 1820 3645 lunae
1836 3617 1915 3645 Ouid.
1929 3620 1992 3646 Met.
2002 3629 2013 3645 2
2039 3629 2080 3651 ¹¹7·
2117 3617 2194 3644 Fudit
2208 3619 2231 3644 se

1186 3658 1248 3684 luna
1263 3656 1338 3692 plena
1353 3666 1398 3691 per
1412 3657 1519 3684 insertas
1533 3653 1655 3681 fenestras
1676 3653 1752 3688 Virg.
1767 3655 1832 3680 Aen.
1852 3663 1873 3686 3,
1894 3664 1939 3686 ¹5²·
1976 3639 2100 3689 Fulgebat
2110 3653 2180 3679 caelo
2194 3652 2231 3678 lu-

1187 3703 1220 3720 na
1233 3694 1324 3719 sereno
1333 3693 1393 3719 Hor
1412 3691 1492 3727 Epod.
1509 3700 1539 3722 15,
1558 3699 1573 3715 1,
1617 3688 1777 3716 Imminente
1790 3690 1860 3722 luna,
1880 3690 1898 3716 i.
1906 3690 1953 3716 Sub
1967 3689 2135 3725 vesperwnli.
2145 3689 2229 3714 carm.

1187 3739 1195 3755 1
1220 3739 1232 3760 4
1257 3737 1278 3759 5.
1351 3729 1445 3763 Implet
1474 3728 1532 3753 luna
1552 3722 1645 3751 orbem
1658 3725 1782 3752 cornibus
1797 3733 1888 3759 quater
1907 3725 2006 3751 iuuetis
2027 3724 2106 3751 Ouid.
2123 3725 2189 3763 Met.
2207 3731 2228 3751 2,

1198 3751 1207 3763 ’
1235 3750 1244 3763 ’
1296 3764 1385 3790 Latuit
1407 3770 1496 3798 quater
1507 3761 1577 3793 luna,
1592 3766 1646 3787 tota
1660 3769 1762 3795 quater,
1771 3759 1835 3786 orbe
1848 3760 1961 3786 secreuit
1988 3760 2060 3787 Idem
2083 3759 2158 3793 Epist.
2172 3766 2193 3788 Ρ,
2208 3764 2228 3785 5·

1187 3800 1267 3826 Lucet
1288 3800 1345 3827 luce
1359 3799 1443 3826 aliena
1457 3799 1527 3829 luna,
1541 3796 1594 3822 vid.
1610 3803 1627 3822 L
1638 3803 1691 3823 vx.
1728 3796 1861 3822 Minuitur
1875 3793 1936 3822 luna
1948 3795 2013 3823 Plin.
2029 3804 2094 3830 2,1.1.
2131 3794 2226 3830 Opera-

1186 3841 1230 3862 tur
1243 3836 1334 3863 ηοεῐες
1354 3836 1429 3864 luna,
1453 3833 1507 3858 vid.
1535 3837 1673 3859 OPEROR.
1726 3826 1823 3858 Premit
1843 3832 1930 3857 lumen
1949 3830 2055 3857 obst-ura
2070 3829 2127 3855 luna
2153 3827 2227 3860 virg.

1185 3871 1250 3899 Aen,
1263 3882 1276 3902 4
1301 3878 1334 3901 8¹·
1371 3867 1482 3896 Protulit
1496 3876 1526 3894 os
1540 3876 1604 3902 vaga
1618 3867 1677 3894 luna
1693 3867 1804 3894 deorum
1826 3867 1893 3893 Hor.
1908 3868 1989 3894 Serm.
2005 3876 2021 3895 1,
2031 3872 2052 3899 Ρ,
2065 3873 2095 3889 2¹·
2140 3861 2226 3888 R¹¹bet

1185 3906 1247 3934 luna
1268 3892 1336 3934 1310r.
1357 3906 1443 3932 Carm.
1476 3912 1498 3935 2,
1518 3912 1548 3937 11,
1567 3912 1604 3931 10.
1662 3903 1798 3929 Senescens
1829 3903 1899 3935 luna,
1929 3903 1980 3928 vid.
2006 3898 2125 3938 Crescens
2149 3897 2224 3940 luna.

1532 3938 1650 3968 Arbores
1668 3937 1775 3967 hiemali
1789 3944 1908 3973 tempore
1929 3943 1987 3964 cum
2000 3935 2060 3961 11¹⁰&
2068 3933 2140 3961 tnnul
2150 3941 2224 3960 πη(-

1340 3977 1356 4006 s
1375 3985 1390 4006 ⁵
2153 3969 2222 3994 scen·
