2517 4231
43 155 108 202 38¹
452 140 691 182 MVT

77 240 221 267 Mvsso,
238 237 291 260 are.
311 231 409 272 [uti—3⁰¹,
422 231 559 267 γογγίζω]
577 231 719 271 frequent.
733 238 749 256 α
764 227 863 261 Μ11110,
878 228 934 257 iret
977 227 1086 255 Occulte

42 271 189 305 etdepresla
209 278 275 296 voce
293 268 368 303 loqui
386 267 457 303 quod
476 268 589 294 celatum
607 275 666 306 qius
680 265 744 306 uelit
768 264 840 304 Nou.
862 273 884 295 5,
903 272 940 296 23.
1018 264 1086 291 Plin.

43 306 119 342 Epist.
132 315 155 339 7,
170 315 178 332 i
200 305 298 338 Postea,
313 312 395 338 quum
403 303 527 330 vicesimo
547 302 704 329 valetudinis
717 300 760 326 die
779 299 887 341 balineo
910 308 1086 341 praepararer,

41 342 229 376 mussantesque
243 340 358 366 medicos
373 346 480 374 repente
494 338 623 371 vidissem,
641 336 742 363 causam
762 338 898 370 requisiui.
971 336 1085 362 Consilia

39 377 142 405 turbata
153 377 262 403 mussant
275 384 396 410 proceres
417 375 477 401 Stat.
493 374 583 401 Theb.
597 382 618 406 3,
632 380 672 412 923
745 371 854 411 Dibfuun
874 371 992 410 mussare,
1003 371 1085 411 ’quod

39 413 106 440 inuti
118 421 170 439 non
184 411 294 446 amplius
311 419 389 445 qnam
402 412 435 443 μῦ
454 411 551 442 dicunt,
570 418 583 435 a
596 416 649 443 quo
662 407 734 434 idem
752 406 829 433 dicit:
848 407 928 440 Qiocl
944 416 1086 434 minimum

38 448 85 481 est,
104 457 190 482 neque
203 454 231 473 vt
243 447 328 479 aiunt,
345 449 378 478 μῦ
399 447 484 472 facere
497 445 582 471 audet.
619 445 686 469 Haec
699 444 777 470 Varr.
791 442 861 469 del..
872 444 911 484 i.
926 446 951 475 6,
964 453 985 474 5.
1023 444 1086 470 For.

8 482 11 483 ⁷
38 484 138 511 midine
153 483 229 510 tacita
242 482 353 509 mussant
373 481 465 509 Claud.
480 481 508 507 in
520 481 627 513 Eutrop.
649 487 672 511 a,
687 487 734 511 ¹3⁴·
806 479 918 519 Muiia're
937 487 1084 520 murmura-

38 528 77 553 re,
98 519 180 553 inquit
200 518 295 545 Festus.
332 518 440 551 Ennius,
459 516 604 543 inocculto
624 514 776 541 mussabant.
819 515 935 547 Seruius,
959 515 1083 545 Mussare,

1558 142 1788 183 MYC
2129 161 2195 204 332

1147 238 1203 256 rem
1218 235 1339 257 mutuum
1359 237 1440 264 vocae,
1458 240 1504 265 quo
1518 236 1568 257 eam
1581 231 1669 268 Volsci,
1683 241 1755 267 quam
1763 234 1866 260 Romani
1878 240 2039 268 terrebantur.
2079 243 2116 267 fx
2129 250 2197 268 veru.

1140 265 1178 301 sto
1192 267 1327 299 exemplari
1340 267 1433 302 legitur
1452 267 1566 294 Erroris.
1637 268 1694 295 Cic.
1708 277 1757 303 pro
1771 268 1852 296 Flacc.
1870 280 1895 296 10
1916 282 1937 299 c,
1952 285 1964 305 4
1986 276 2098 302 Damihi
2108 278 2195 304 Tem.

1147 300 1269 340 monium
1281 309 1412 328 mutuum.
1485 302 1541 329 eie.
1557 304 1608 329 An.
1626 307 1665 337 16,
1680 306 1704 330 16
1725 303 1764 330 Ad
1778 312 1907 339 paternas,
1927 317 2030 343 magnas
2050 319 2075 338 et
2097 321 2196 339 veteres

1147 343 1172 362 et
1188 335 1264 362 iustas
1279 338 1482 372 necessitudines,
1501 347 1622 373 magnam
1634 339 1722 366 attulit
1740 340 1906 367 accessionem
1926 349 1969 369 tua
1989 346 2116 374 Voluntas
2136 357 2196 382 erga

1111 376 1125 404 ς
1148 380 1199 409 mc,
1209 379 1326 411 *meaque
1341 382 1401 407 erga
1417 381 1441 400 te
1456 383 1502 408 par
1513 381 1591 409 atque
1605 382 1703 402 mutua.
1796 375 1967 404 Voluntatem
1985 380 2063 406 alicui
2078 383 2196 410 tribuere

1147 405 1185 446 Id.
1200 406 1271 432 13111.
1284 413 1306 438 5,
1322 415 1345 446 ⁷7·
1420 411 1536 436 Vulnera
1548 410 1629 437 Ouid.
1642 411 1706 438 Met.
1721 420 1743 444 3,
1758 420 1802 444 ¹23·
1875 413 2037 440 Vulneribus
2051 419 2195 445 niutiu'sce-

1147 440 1268 471 ciderunt
1296 442 1362 468 Plin.
1381 443 1414 469 de
1432 445 1505 471 Viris
1524 446 1616 473 illustr.
1637 456 1658 473 c.
1674 456 1701 473 10
1727 455 1792 475 extr.
1970 446 1990 486 ff
2011 460 2022 482 3
2043 452 2195 485 Ssalstamiue

1142 484 1202 512 pon.»
1224 485 1397 510 nonnunquam
1416 481 1526 507 videtur.
1598 482 1654 509 Cic.
1669 483 1740 510 Fam.
1755 492 1778 516 5,
1790 491 1806 509 2
1824 483 1948 510 Mutuum
1969 485 1997 510 in
2017 486 2131 513 amicitia
2150 489 2194 523 cst,

1146 521 1204 537 cimi
1219 519 1265 545 par
1278 512 1398 539 voluntas
1411 514 1630 552 accipituratque
1642 518 1771 546 redditur.
1843 520 1924 546 Plaut.
1940 519 2024 546 Trin.
2039 530 2093 554 2,.1,
2109 532 2132 554 37
2150 524 2194 549 Be-

38 554 124 590 queri.
195 554 269 581 Flent
283 554 384 587 moesti,
403 552 561 592 mussantque
573 556 658 586 patres
677 550 752 585 Virg.
763 551 827 577 Aen.
842 558 939 584 ¹¹‚454·
975 549 1083 576 Adddb-
1100 554 1128 572 10
1146 556 1178 573 ne
1193 547 1249 573 vult
1264 547 1322 574 tibi.
1352 556 1378 575 L.
1408 549 1503 584 edepol
1523 558 1644 579 mutuum
1657 563 1761 581 mecum
1774 555 1847 588 facit,
1865 555 1883 582 ι’.
1903 556 2009 582 Tamum
2029 557 2085 582 bem·
2098 558 2139 583 illi
2156 568 2195 583 vo.

36 599 89 624 345.
160 590 271 617 Musl'ant
284 598 342 616 oras
356 595 381 616 et
392 588 484 614 limina
498 587 607 616 circum,
626 589 656 611 de
673 587 757 621 apibus
766 587 869 621 pulchre
891 586 964 620 Virg.
983 585 1083 623 Georg.
1144 584 1177 622 lo,
1196 590 1313 616 quantam
1327 584 1372 609 ille
1385 585 1454 611 mihi.
1490 587 1560 612 Add.
1582 588 1661 616 Plaut.
1674 590 1752 616 Cure.
1767 599 1787 623 1,
1801 599 1821 623 1,
1837 599 1874 623 47.
1946 591 2055 618 Sumere
2075 599 2197 620 mutuum

36 636 61 658 11,
78 631 124 656 183.
195 626 315 658 Mussare,
335 624 414 658 vulgo
428 631 477 658 pro
490 622 594 648 Tacere
602 622 720 657 ponitur,
733 622 828 647 auriam
846 621 929 648 Festo.
967 620 1081 645 Ennius:
1144 618 1200 645 cic.
1214 618 1286 644 Fam.
1303 628 1335 651 12,
1350 625 1388 649 28.
1426 615 1499 660 Cous}
1514 621 1595 648 Plaut.
1610 625 1703 658 Amph,
1719 634 1740 657 2,
1756 634 1780 658 2,
1794 634 1846 660 ¹37·
1865 633 1889 652 et
1902 627 1938 652 ibi
1950 628 2058 662 interpr.
2138 630 2197 655 Mu„

35 661 100 688 Non
123 661 197 688 decet
216 661 324 688 mussare
343 659 436 686 bonos.
474 657 587 684 Terent.
609 658 675 690 Sile,
693 657 764 690 cela,
784 657 900 688 occulta,
922 663 997 695 tege,
1017 661 1083 695 tace,
1145 658 1231 686 tuum,
1251 663 1301 688 pro
1315 655 1411 694 Mutuo
1432 655 1516 695 Lucil.
1532 665 1572 691 27.
1645 660 1676 685 Et
1694 660 1711 686 si
1739 662 1854 688 maxime
1873 661 1946 697 quod
1961 663 2053 698 spero,
2073 670 2198 691 mutuum

34 698 123 724 mussa.
193 696 319 725 Mus'sabat
332 694 408 721 tacito
421 692 553 720 medicina
573 695 671 720 timore
690 694 794 721 Lucret.
815 695 840 725 6,
860 699 923 729 ¹177.
944 699 971 714 Μ
991 692 1083 725 deffen-
1145 689 1196 716 hOC
1212 698 1316 729 ¹¹?ec}¹m
1330 690 1394 717 f¹¹⁰¹⁵
1415 690 1522 718 N⁰¹¹¹¹¹⁸
1535 701 1556 724 ²,
1570 698 1621 725 538-
1693 696 1796 728 Mffllffl,
1814 704 1858 731 θνα
1872 700 1969 726 MWM·
2008 699 2197 733 Lucref-⁴³30²

31 734 116 769 ptione
126 731 284 767 pestilentiae.
355 729 474 762 Musl'are,
497 730 629 762 Dubitare,
646 729 751 755 Seruius
759 727 860 755 adillud
877 727 952 759 ναι-ς.
966 727 1030 751 Aen.
1046 733 1081 757 12,
1101 733 1126 760 ις
1145 741 1190 745 -—
1209 725 1252 751 hic
1268 724 1339 752 idem
1376 726 1455 753 Nunc
1468 726 1604 762 ffllaeuus,
1622 735 1648 756 et
1661 739 1676 756 e
1690 729 1766 757 laeuo
1781 732 1905 759 sitmutua
1917 734 2018 762 dexter.
2090 736 2198 763 Cecide.

36 774 78 801 718
98 768 257 802 Muss'antque
270 766 397 792 iuuencae
433 765 500 798 Qis
521 765 612 800 pecori
632 765 776 800 imperitet.
849 761 934 787 Pilius
953 761 1081 801 explicem,

31 810 94 839 prae
105 803 277 838 caspei‘iatione
294 810 373 827 vocem
392 809 439 826 non
454 801 548 827 tollunt.
621 802 661 826 Sic
676 800 749 834 Virg.
770 799 835 825 Aen.
855 805 890 828 11,
910 805 954 836 345
983 796 1082 837 (31111611

34 841 60 866 se
70 839 135 866 seire
147 837 270 867 fatentur,
305 835 378 869 Quid
391 836 498 863 fortuna
511 836 578 863 serat
592 836 699 871 populi:
718 834 761 860 sed
775 833 862 859 dicere
877 833 994 871 mussant.
1036 833 1079 858 Vbi

34 874 151 902 Sei-nius:
169 873 287 905 Muss‘ant,
308 872 389 898 modo
405 872 679 907 Verentursignisicat,
713 869 793 901 Alias,
813 867 954 894 Dubium:
975 874 1003 894 vt
1013 868 1080 894 Aen.

1145 766 1207 787 runt
1220 766 1339 787 texturae
1351 768 1442 788 mutua
1462 763 1566 789 Lucrct.
1581 768 1606 797 6,
1622 771 1686 793 1082.

1144 802 1210 823 vum
1229 797 1325 823 Lucre(
1347 806 1359 816 .‚
1382 805 1410 830 7‘
1770 768 1843 794 Inter
1863 769 1888 794 se
1907 771 2031 797 mortales
2050 778 2140 799 mutua
2158 773 2198 799 vi-

1329 816 1370 831 ..‚
1397 813 1419 830 ³·

1402 833 1406 837 η
1492 798 1570 825 Pedes
1584 809 1629 834 per
1641 806 1732 827 mutua
1747 802 1809 827 nexi
1828 803 1902 837 Virg.
1916 806 1980 832 Aen.
1994 817 2018 839 7,
2030 808 2072 834 66.
2143 809 2198 835 Ad.

1143 833 1218 873 verb.
1250 833 1348 872 Auson.
1362 832 1439 867 Epist.
1454 833 1487 861 ad
1499 835 1649 876 Paullinum¹
1669 836 1902 871 Technopaegnio
1921 843 2070 878 praemissa,
2098 849 2125 870 vt
2137 853 2199 879 pro-

1143 867 1240 894 verbio
1253 868 1388 904 finiamus,
1409 875 1434 895 et
1447 870 1572 897 Mutuum
1587 871 1770 899 inuliscabant.

33 917 58 937 12
76 910 155 943 (657)
173 908 265 934 Muss‘at
279 917 324 935 rex
340 908 392 942 ipse
412 908 519 935 Latinus
564 909 637 939 Quos
661 913 772 940 generos
794 910 879 930 vocct.
932 904 1079 938 Interdum,
1094 913 1127 931 20
1177 912 1203 931 M
1216 910 1342 931 VTVO.
1364 904 1432 931 Adu.
1453 906 1637 941 [inapoiCaBaf]
1656 909 1771 934 Invicem.
1808 908 1888 935 Plaut.
1901 910 1980 937 Milit.
1998 921 2097 947 argum.
2113 923 2120 940 1
2140 915 2196 941 Me-

32 945 179 973 sturni-rant:
200 950 230 970 vt
242 943 274 970 de
289 943 381 978 apibus
394 943 467 971 dicit.
539 943 570 970 Et
589 940 698 975 proprie
716 940 838 974 Muffare,
862 939 896 965 est
917 940 1080 966 Obnnmnu-

28 987 96 1012 rare,
114 985 139 1005 et
152 985 246 1005 mutuo
261 980 309 1006 esse
323 980 451 1006 vicinum.
507 977 577 1011 Conf.
596 976 669 1003 idem
695 976 768 1002 Seru.
789 977 824 1001 ad
842 977 907 1001 Aen.
932 985 964 1008 12,
987 978 1035 1010 657
1054 982 1078 1001 et

28 1019 76 1048 718.
114 1017 179 1041 Cart.
194 1017 230 1040 ad
239 1015 338 1042 Sallust.
351 1016 370 1042 F
373 1024 452 1049 ragni.
465 1023 490 1047 p.
503 1015 561 1045 946.
851 1047 855 1051 .
1033 1047 1038 1051 .

62 1056 118 1077 MV
128 1057 163 1077 ss
175 1057 197 1077 A
211 1057 233 1077 N
245 1057 273 1084 s,
292 1051 368 1077 antis.
404 1049 496 1076 Partic.
532 1047 592 1074 Liu.
606 1057 630 1082 7,
644 1053 674 1080 23
694 1046 834 1073 Mussantes
849 1053 919 1074 inter
936 1047 959 1073 se
981 1053 1079 1081 rogita-

1142 940 1266 967 reti-icem
1279 940 1423 975 ingenuam
1437 941 1574 977 deperibat
1586 949 1681 970 mutuo
1694 943 1860 971 Atheniensis
1873 947 1990 981 quenis,
2009 950 2027 974 i.
2045 956 2074 974 vt
2093 948 2197 983 victffim

1141 975 1192 1010 ipse
1205 977 1235 1001 ab
1247 986 1276 1001 ea
1288 984 1423 1003 amaretur.
1495 978 1551 1004 Cic.
1565 979 1635 1005 Fam.
1651 988 1688 1012 10,
1701 988 1720 1012 4
1741 980 1788 1006 Fac
1802 981 1899 1013 valeas,
1919 991 2012 1016 meque
2031 992 2124 1011 mutuo
2137 986 2197 1012 dili-

1142 1020 1194 1045 gas,
1216 1012 1240 1037 h.
1253 1021 1273 1038 e.
1294 1013 1343 1037 Fac
1356 1012 1418 1037 mihi
1431 1013 1457 1038 in
1471 1023 1552 1039 amore
1567 1014 1720 1049 respundeas.
1792 1015 1830 1043 Id.
1844 1015 1912 1043 ibid.
1928 1027 1963 1051 10,
1978 1028 1992 1052 9
2013 1020 2069 1053 Te,
2089 1027 2116 1046 vt
2136 1021 2197 1048 dili·

1142 1055 1186 1080 gas
1201 1055 1253 1079 me,
1271 1046 1289 1073 si
1305 1053 1399 1074 mutuo
1413 1057 1456 1074 me
1470 1048 1605 1075 faciurum
1619 1057 1702 1084 putas,
1723 1059 1800 1084 rogo.

28 1084 102 1119 bant,
121 1093 166 1112 etc.
204 1088 271 1114 Add,
286 1085 384 1114 Sallust.
397 1085 497 1118 Fragni.
513 1093 529 1115 1,
544 1093 556 1116 7
576 1091 600 1109 et
611 1092 647 1109 22.
684 1082 751 1109 Plin.
767 1082 844 1117 Epist.
862 1091 885 1115 3,
908 1093 935 1109 11.
1006 1083 1079 1108 Idem
1097 1089 1125 1115 25
1180 1089 1298 1108 MV‘rv
1310 1089 1336 1109 E.
1356 1083 1439 1109 Aliud
1452 1083 1519 1110 Adu.
1539 1086 1722 1120 [κατάλληλον]
1744 1087 1800 1113 Cic.
1814 1088 1886 1114 Fam.
1899 1096 1921 1123 ς,
1935 1098 1947 1121 7
1966 1089 2046 1117 Nulla
2060 1091 2087 1117 in
2103 1100 2131 1118 re
2145 1099 2197 1119 tam

27 1121 108 1156 Epist.
129 1131 159 1155 7,
180 1131 187 1148 1
206 1123 295 1155 Quam
308 1121 444 1147 mussantes
459 1119 574 1146 medicos
592 1124 700 1154 repente
719 1117 848 1151 vidissem,
868 1119 967 1144 causam
989 1118 1079 1152 requi-

25 1157 82 1185 ciui.
156 1157 215 1184 Liu.
229 1166 264 1190 33,
276 1165 297 1189 31
319 1156 375 1183 Soli
390 1156 479 1183 Aetoli
494 1155 520 1182 id
537 1155 672 1181 decretum
685 1154 750 1180 clam
772 1155 908 1180 mussantes
929 1153 1079 1188 carpebant.

62 1200 87 1219 M
97 1199 118 1218 v
129 1199 143 1220 s
155 1199 167 1219 s
176 1200 198 1220 A
207 1199 227 1218 'r
238 1199 247 1218 1
261 1198 280 1219 o
289 1213 299 1227 ,
319 1192 389 1219 onis.
399 1192 420 1218 f.
458 1191 592 1218 Ammian.
607 1200 648 1224 20,
661 1196 674 1219 8
697 1189 812 1216 Salutem
831 1190 987 1217 mussatione
1001 1198 1079 1224 quae-

25 1228 115 1256 rebam
129 1234 155 1255 et
169 1227 283 1255 latebris.
320 1228 377 1254 Alii
390 1229 475 1263 legunt
492 1227 674 1255 simulatione.

1141 1117 1234 1144 laetari
1262 1118 1351 1151 soleo,
1385 1127 1465 1152 quain
1493 1129 1617 1147 meorum
1648 1121 1800 1148 officiorum
1834 1124 2007 1156 conscientian
2061 1127 2157 1161 quibus
2179 1128 2196 1155 fi

1141 1154 1248 1216 qililando
1269 1163 1324 1194 non
1345 1162 1437 1181 mutue
1457 1155 1646 1191 xuspondetur,
1682 1157 1752 1193 apud
1772 1168 1816 1185 me
1835 1159 1894 1193 plus
1915 1159 1998 1187 officii
2025 1162 2136 1189 residere
2161 1164 2197 1190 sa-

1142 1199 1164 1216 ci
1188 1198 1242 1216 ime
1261 1197 1358 1224 patior.

1176 1232 1201 1251 M
1213 1231 1234 1251 V
1246 1232 1267 1251 T
1276 1232 1296 1252 V
1305 1224 1318 1252 ἱ
1327 1233 1349 1252 Τ
1357 1233 1378 1252 Α
1387 1233 1409 1253 N
1418 1233 1442 1260 S,
1455 1219 1539 1253 antis.
1576 1227 1754 1263 [κιχράμενσς]
1791 1230 1910 1264 Rogitans
1927 1239 2041 1260 mutuum.
2115 1233 2197 1261 Plaut.

61 1271 85 1290 M
97 1271 138 1290 vs
150 1270 163 1290 8
175 1262 217 1291 i'T
228 1269 247 1290 ο
257 1285 265 1297 ,
286 1268 330 1290 {tre
350 1263 489 1303 Frequent.
511 1263 652 1298 [μόζομαι]
672 1271 687 1287 a
713 1262 809 1288 Musso.
848 1261 929 1287 Plaut.
949 1261 1009 1288 Mil.
1022 1271 1044 1293 3,
1057 1270 1078 1295 1,
1095 1267 1127 1292 30
1138 1260 1223 1288 Merc.
1238 1261 1307 1288 Prol.
1319 1269 1350 1295 52
1371 1262 1568 1289 Conclamitare
1582 1269 1638 1290 tota
1651 1264 1729 1297 vrbe,
1748 1269 1774 1291 et
1786 1265 1947 1300 praedicare,
1966 1275 2199 1303 omnesparcerent

23 1309 66 1328 120
86 1299 130 1326 Illi
143 1300 213 1326 inter
227 1301 251 1326 se
265 1305 364 1326 certant
376 1299 464 1331 donis,
484 1307 534 1333 ego
547 1297 770 1324 mecummuslito.
806 1299 876 1324 Aild.
891 1298 929 1324 Id.
952 1298 1040 1324 Pseud.
1058 1307 1076 1331 1,

23 1345 46 1369 5,
62 1339 100 1366 85.
172 1336 241 1363 Ter.
256 1332 365 1369 Adelph.
379 1344 401 1368 2,
417 1344 434 1367 1,
447 1343 474 1367 53
494 1336 594 1361 Vei-iim
608 1341 698 1369 cogito
712 1334 740 1360 id
753 1332 824 1367 quod
842 1341 883 1359 res
902 1333 948 1366 est,
970 1333 1076 1368 quando

23 1380 85 1398 eum
100 1371 233 1406 quaestum
247 1370 407 1406 occoeperis,
424 1370 579 1405 accipiunda
594 1377 620 1397 et
641 1369 792 1396 mussitanda
811 1369 912 1395 iniuria
929 1368 1076 1396 adolescen-

21 1406 91 1434 tium
104 1407 147 1435 est.
225 1407 270 1434 Vbi
285 1407 412 1440 Donatus,
432 1406 594 1438 Mussitanda,
614 1405 747 1440 Parienda,
768 1404 952 1431 consideranda
974 1415 1032 1431 cuni
1047 1405 1077 1432 si-

22 1442 118 1475 lentio,
138 1449 164 1469 et
177 1449 205 1469 vt
220 1442 248 1468 iri
263 1449 382 1469 amatore
394 1442 518 1476 putanda,
541 1447 618 1476 atque
626 1450 672 1476 per
686 1440 736 1467 hoc
751 1440 916 1476 perferenda.
989 1441 1077 1467 Muffi-
1093 1450 1105 1474 3

22 1484 77 1505 tare
90 1478 162 1505 enim
176 1479 286 1514 proprie
300 1478 336 1504 est
355 1478 530 1504 dissimulandi
549 1479 622 1503 causa
642 1484 737 1503 tacere:
793 1476 894 1503 dicium
908 1477 951 1503 vel
963 1486 976 1503 a
990 1483 1076 1509 muto,

22 1514 66 1542 vel
80 1514 113 1541 ab
131 1520 173 1547 M,
195 1523 261 1548 quae
273 1514 349 1540 litera
362 1514 398 1540 est
411 1514 526 1539 nimium
541 1514 638 1548 pressae
645 1513 729 1548 vocis,
741 1522 769 1539 ac
783 1521 864 1547 paene
875 1513 988 1545 nullius,
1010 1512 1076 1539 adeo

21 1555 50 1577 vt
64 1550 117 1576 sola
130 1551 260 1582 omnium,
280 1559 362 1584 quum
376 1550 446 1576 inter
461 1549 564 1576 vocales
578 1549 713 1582 inciderit,
729 1555 855 1575 atteratur
868 1556 945 1583 atque
958 1548 1077 1575 subsidat.

23 1586 90 1612 Hinc
105 1586 180 1620 Virg.
194 1587 258 1616 Aen.
271 1594 306 1619 12,
319 1588 367 1620 657
388 1600 434 1606 --
452 1586 544 1612 mussat
557 1593 602 1611 rex
616 1585 670 1619 ipse
679 1585 796 1611 Latinus.
853 1585 964 1610 Budaeus
977 1595 991 1609 a
1000 1586 1077 1610 Grae-

1140 1297 1296 1324 mutuitanti
1319 1298 1435 1325 credere.

1177 1339 1200 1358 M
1210 1340 1231 1359 V
1243 1339 1265 1360 T
1281 1340 1302 1360 V
1313 1340 1324 1360 1
1336 1339 1358 1360 Τ
1373 1340 1391 1360 13
1402 1341 1432 1361 R.
1453 1334 1522 1362 Adu.
1560 1336 1627 1362 Idem
1639 1345 1668 1361 ac
1689 1337 1788 1364 Mutae.
1845 1338 1923 1365 Varr.
1943 1341 2012 1374 apud
2029 1339 2103 1366 Non.
2125 1349 2155 1376 11,
2169 1350 2198 1373 30

1139 1369 1209 1396 Viue
1224 1378 1319 1404 meque
1332 1378 1391 1396 ama
1409 1370 1548 1397 mutuiter.

1175 1412 1201 1431 M
1210 1411 1231 1430 v
1242 1411 1265 1431 'r
1277 1412 1296 1431 v
1307 1412 1337 1438 o,
1358 1409 1412 1433 are.
1435 1406 1604 1441 [δινείζομαι]
1631 1407 1727 1434 Μ111υο
1745 1408 1848 1435 sumere
1875 1409 1973 1436 Cae-cil.
1993 1418 2033 1445 ap.
2047 1411 2120 1438 Non.
2133 1422 2156 1445 7,
2170 1417 2199 1444 48

1108 1449 1122 1474 ς
1140 1440 1179 1466 Ad
1192 1440 1292 1466 amicos
1305 1447 1393 1468 currat
1406 1447 1566 1475 mutuatum,
1589 1448 1693 1470 mutuet
1707 1445 1779 1470 causa
1791 1453 1858 1471 mea.
1931 1446 1972 1472 sic
1992 1447 2080 1474 Valer.
2090 1449 2159 1475 Max.
2173 1451 2200 1482 6,

1139 1483 1156 1502 2.
1175 1476 1206 1502 Et
1219 1476 1293 1510 prius
1306 1485 1321 1503 3
1337 1476 1470 1512 libertate,
1491 1486 1570 1511 quam
1584 1478 1617 1504 ab
1631 1478 1784 1506 innocentia
1801 1481 1957 1514 praesidium
1972 1483 2113 1509 mutuauit.
2160 1484 2198 1511 Id.

1138 1520 1160 1545 3,
1175 1523 1200 1545 ⁴,
1213 1520 1229 1538 2
1249 1512 1330 1544 Qod
1343 1522 1432 1547 regem
1446 1522 1461 1539 a
1473 1513 1597 1540 finitimis
1611 1515 1700 1548 potius
1714 1518 1861 1549 mutuasset,
1875 1526 1955 1551 quam
1969 1517 2001 1544 de
2019 1519 2072 1545 suis
2091 1519 2197 1554 legisset.

1138 1548 1196 1574 Seu.
1211 1547 1291 1581 Epist.
1305 1552 1333 1577 82
1351 1549 1466 1582 Qiando
1480 1549 1595 1576 hilarior
1607 1549 1652 1584 est,
1667 1551 1713 1585 qui
1727 1551 1816 1584 soluit,
1831 1560 1909 1586 quam
1924 1553 1971 1588 qui
1985 1560 2094 1582 mutuat.

1174 1589 1198 1608 Μ
1208 1589 1229 1608 V
1239 1588 1261 1608 T
1271 1590 1292 1609 V
1300 1590 1320 1610 O
1329 1590 1360 1616 R,
1379 1585 1428 1611 ari.
1449 1586 1555 1620 Depon.
1576 1586 1736 1620 [dum-<opum
1756 1592 1882 1620 μετρέομαι
1892 1606 1902 1619 ,
1913 1593 2048 1629 ιξίχρκμαι]
2070 1594 2145 1624 litem,
2152 1590 2200 1626 sed

23 1630 49 1646 to
68 1622 148 1655 μύζειν
162 1622 243 1656 potius
256 1621 372 1647 deriuari
380 1628 461 1656 putat.
535 1621 612 1647 Hunc
632 1619 968 1654 illatimoremmussitabat,
985 1619 1075 1646 aduer-
1088 1628 1126 1652 40
1132 1618 1300 1652 frequentius.
1327 1620 1460 1660 'Pri-sciau.
1475 1627 1489 1650 8
1510 1631 1534 1661 P:
1550 1629 1597 1654 799
1618 1622 1715 1648 Mutuo
1744 1630 1769 1648 et
1787 1631 1897 1649 mutuor
1917 1632 1984 1649 inter
2006 1635 2033 1650 ea
2046 1627 2127 1660 rrfert
2141 1636 2196 1651 ver.

23 1656 73 1683 sari
87 1656 171 1691 palam
184 1665 238 1683 non
250 1656 362 1683 audebat
382 1656 458 1691 Apul.
472 1657 548 1691 Apol.
562 1665 587 1690 p.
603 1665 654 1687 320.
734 1655 826 1682 Claud.
841 1657 922 1682 Mam.
932 1664 956 1688 2,
966 1665 994 1681 io
1017 1654 1072 1688 Qui

22 1706 68 1712 —-
86 1692 260 1720 deliramenta
279 1707 332 1713 -—
352 1692 489 1725 mussitant,
509 1698 554 1717 aut
565 1691 652 1725 palam
665 1690 819 1724 loquantur,
838 1697 882 1716 aut
895 1697 1004 1716 taceant.

59 1734 116 1754 Mv
128 1734 142 1754 s
153 1735 165 1753 s
175 1725 221 1754 1⁰¹1·
232 1735 255 1754 A
267 1735 288 1753 N
303 1734 316 1753 s
328 1747 338 1759 ,
356 1727 431 1753 antis.
467 1727 561 1752 Partic.
600 1726 658 1751 Liu.
678 1735 696 1758 1,
715 1735 747 1758 50
767 1727 823 1751 Iam
836 1726 873 1751 ita
887 1726 954 1752 clam
968 1725 1077 1760 quidem

24 1763 190 1795 mussitantes,
210 1763 291 1796 vulgo
305 1768 390 1787 tamen
404 1769 465 1787 eum
477 1760 644 1795 appellabant
657 1760 807 1794 superbum.

53 1802 80 1823 Μ
90 1804 112 1822 ν
122 1804 136 1823 s
149 1804 163 1823 s
175 1804 184 1823 1
194 1803 215 1822 ‘r
226 1803 248 1823 A
259 1803 276 1822 13
285 1803 306 1823 v
315 1802 392 1822 Nnv
404 1802 418 1822 s
429 1816 438 1829 ,
460 1805 484 1829 a,
507 1805 561 1822 um.
582 1795 659 1829 μάξω..
681 1797 817 1824 Onoinast.
839 1797 896 1824 Vct.

52 1838 129 1858 Mvs
139 1838 152 1858 S
166 1838 175 1857 1
188 1837 211 1857 Τ
225 1838 245 1858 Α
261 1837 300 1858 Τι
311 1838 329 1857 O
339 1849 348 1862 ‚
367 1831 436 1858 ὃηίς.
457 1832 477 1858 f.
520 1834 587 1858 Idem
608 1834 674 1866 quod
691 1832 824 1859 Muss'atio.
879 1832 957 1867 Apul.
971 1833 1035 1859 Met.
1051 1837 1074 1863 8.

12 1866 65 1904 post
75 1868 182 1902 princip.
209 1867 361 1901 Tac-itaque
373 1867 447 1902 prius
460 1868 561 1895 seruata
573 1867 749 1894 mussitatione
758 1889 767 1902 ‚
783 1876 826 1895 etc.
865 1871 938 1894 Adde
951 1868 1072 1895 Tertull.

17 1901 50 1931 de
62 1902 173 1930 Pudicit.
194 1912 215 1930 c.
230 1912 252 1935 7.
273 1910 297 1929 et
316 1912 340 1936 9.

52 1946 108 1966 iviv
118 1945 153 1965 ss
163 1940 234 1972 1¹1·ss
244 1945 265 1965 T
276 1945 295 1966 0
306 1944 326 1965 R
336 1961 345 1974 ,
366 1938 430 1966 oris.
451 1947 487 1966 m.
525 1940 585 1966 Vet.
606 1939 686 1966 Gloss'.
706 1939 870 1974 Muffitator,
896 1939 1072 1974 ὖκογογγυςιὶς.

15 1974 89 2008 Confi
102 1974 208 2009 Vulgat.
221 1975 343 2009 Iesai.29,
359 1983 399 2008 24.
543 1992 544 1995 =

52 2016 79 2037 M
87 2017 108 2037 V
117 2016 139 2036 T
149 2016 172 2037 Τ
182 2018 202 2037 ν
213 2017 239 2037 Μ
261 2010 307 2045 791)
331 2012 534 2045 interpretantur
553 2011 657 2037 Gloffae
673 2011 745 2037 Vett.

51 2052 78 2073 Μ
93 2054 114 2073 V
129 2052 150 2072 T
164 2052 186 2072 V
200 2052 213 2073 S
227 2053 244 2074 C
259 2053 281 2072 Α
298 2052 315 2072 Ε
325 2068 334 2081 ,
358 2054 444 2072 arum.
463 2046 482 2072 f.
555 2045 716 2072 Sabinorum
738 2044 848 2075 ciuitas,
872 2054 937 2078 quae
956 2050 982 2070 et
1001 2045 1073 2070 Tre-

14 2081 60 2109 bia
73 2087 100 2108 et
115 2081 220 2107 Snffena
241 2088 363 2114 vocatur,
380 2080 448 2106 circa
468 2088 548 2113 quam
560 2080 696 2106 Hannibal
715 2080 851 2106 Romanos
879 2080 995 2105 maxima
1022 2079 1072 2104 cla-

14 2117 47 2144 de
65 2116 161 2143 affecit.

52 2159 80 2180 M
90 2158 171 2178 V‘rv
182 2157 196 2178 S
208 2156 225 2178 c
239 2157 250 2177 1
260 2171 269 2183 ‚
289 2159 377 2177 orum.
397 2159 433 2176 111.
470 2150 603 2185 Oppidani.
640 2149 706 2177 Plin.
721 2159 744 2184 2,
759 2159 790 2177 12.

49 2194 165 2214 MVTV
174 2193 196 2212 V
206 2194 236 2220 S,
252 2195 276 2220 a,
297 2195 352 2212 um.
374 2186 433 2212 Adi.
456 2187 576 2218 [δάνῑως]
590 2186 715 2211 Mutuum
733 2186 828 2211 dicitur
836 2185 902 2218 quod
911 2182 1015 2217 victffim
1029 2185 1072 2210 da-

15 2231 59 2250 tur
72 2231 96 2250 et
108 2223 239 2258 accipitur,
257 2222 306 2256 fid
313 2231 364 2246 cum
377 2221 518 2246 mutan'one.
591 2220 694 2246 Paullus
709 2220 738 2246 in
750 2220 767 2247 l.
781 2229 802 2246 2.
822 2221 855 2246 D.
877 2220 902 2246 Si
915 2226 978 2246 cert.
992 2225 1071 2254 petat.

15 2260 143 2287 Mutuum
157 2259 258 2287 damus,
277 2255 409 2291 recepturi
423 2264 477 2281 non
493 2255 602 2282 eandem
615 2255 739 2290 speciem,
755 2264 833 2289 quam
841 2255 962 2281 dedimus
988 2255 1072 2288 (alio-

19 2295 67 2330 qui
85 2300 129 2321 aut
148 2292 345 2320 commodatum
367 2291 433 2324 erit,
457 2297 501 2317 aut
520 2290 685 2325 depositum)
713 2291 839 2317 sedidem
852 2299 942 2325 genus.
998 2291 1070 2317 Nam

1137 1654 1178 1686 ba,
1198 1663 1261 1688 quae
1276 1662 1386 1690 ancipiti
1401 1656 1601 1686 terminatione,
1621 1658 1650 1683 in
1664 1667 1716 1684 vna
1728 1658 1872 1692 eademque
1885 1659 2074 1693 significatione
2083 1662 2199 1695 protule-

1137 1696 1200 1716 runt
1212 1690 1324 1724 antiqui.
1397 1691 1528 1726 leianus
1540 1691 1556 1719 1,
1569 1700 1582 1724 3
1602 1690 1648 1727 §.1
1670 1692 1702 1718 de
1715 1700 1831 1720 contrat.
1846 1699 1893 1719 tut.
1908 1700 1934 1720 et
1942 1701 1977 1720 vt.
1986 1696 2036 1722 aes.
2056 1698 2200 1730 Consequi·

1137 1731 1182 1751 tur
1194 1734 1281 1752 autem
1297 1727 1435 1760 pecuniam
1449 1733 1526 1759 tutor,
1546 1726 1563 1752 fi
1577 1736 1657 1761 quain
1671 1727 1703 1754 de
1716 1729 1763 1755 suo
1777 1729 1926 1762 consumsit,
1939 1730 2017 1756 etiam
2032 1741 2091 1757 cum
2106 1733 2200 1765 vsuris,

1138 1760 1181 1787 sed
1197 1761 1238 1787 vel
1253 1761 1405 1793 trientibus,
1421 1762 1463 1789 vel
1478 1762 1530 1795 his,
1545 1763 1654 1797 quaein
1672 1764 1786 1798 regione
1799 1763 1990 1798 obseruantur,
2010 1767 2051 1792 vel
2065 1767 2122 1800 his,
2143 1768 2198 1802 qui-

1088 1807 1122 1833 45
1137 1795 1186 1823 bus
1201 1803 1335 1824 mutuatus
1349 1798 1394 1831 est,
1414 1798 1433 1826 fi
1445 1800 1542 1825 necesse
1556 1797 1650 1825 habuit
1662 1805 1792 1826 mutuare.
1867 1801 1907 1826 Si.v
1920 1809 2017 1827 veteres
2031 1804 2102 1836 libri,
2121 1810 2151 1828 vt
2165 1813 2199 1830 eo.

1136 1834 1191 1858 dem
1204 1834 1252 1859 loco
1265 1840 1374 1868 Utraque
1381 1834 1469 1868 fhrma
1483 1833 1592 1870 *igsusfin
1630 1835 1678 1860 Sed
1690 1835 1805 1869 Gothofr.
1822 1836 1949 1863 mutuari.
2016 1839 2108 1872 Qium
2118 1838 2200 1865 abun-

1137 1868 1199 1894 dare
1214 1868 1334 1902 debeam,
1360 1878 1441 1904 cogor
1458 1870 1577 1896 Mutuari
1599 1870 1655 1897 Cic.
1676 1874 1729 1898 Att.
1752 1880 1785 1905 15,
1806 1881 1839 1903 15.
1915 1870 2029 1900 Martial.
2051 1881 2080 1909 8,
2099 1883 2127 1909 17
2152 1875 2200 1902 Sed

1136 1905 1279 1939 consumis,
1301 1911 1327 1932 et
1339 1906 1421 1940 vsque
1435 1906 1576 1932 mutuaris.
1634 1908 1692 1934 Vid.
1710 1907 1826 1934 African.
1848 1908 1877 1934 in
1890 1908 1906 1934 1.
1928 1909 2030 1937 Tutor.
2051 1909 2072 1947 §
2107 1912 2200 1944 Quum

1136 1939 1255 1967 haberes.
1276 1941 1309 1967 D.
1331 1941 1364 1967 ad
1378 1942 1508 1968 Senatusc.
1532 1941 1659 1968 Velleian.
1707 1942 1764 1969 Cic.
1785 1945 1837 1970 Α11.
1852 1950 1876 1978 8,
1893 1947 1910 1970 6
1930 1944 2066 1971 Tironem
2079 1946 2199 1974 nostrum

1087 1989 1119 2014 50
1135 1976 1169 2002 ab
1184 1976 1265 2003 altera
1279 1977 1404 2003 relictum
1417 1978 1514 2008 audi0;
1533 1978 1574 2003 sed
1587 1986 1646 2003 enin
1662 1977 1742 2004 video
1755 1979 1783 2003 in
1796 1979 1911 2005 sumtum
1924 1978 1957 2005 ab
1964 1980 2024 2006 aliis
2039 1988 2197 2009 mutuatum.

1135 2011 1246 2036 Auxilia
1260 2012 1378 2037 mutuari
1390 2011 1423 2037 ad
1435 2021 1493 2038 rem
1507 2013 1624 2045 aliquam
1642 2012 1715 2037 Caes.
1737 2012 1802 2038 Bell.
1824 2014 1894 2039 Gall.
1917 2021 1940 2044 8,
1961 2025 1993 2041 21.
2066 2017 2198 2049 Mutuari,

1129 2044 1204 2078 saepe
1216 2052 1264 2079 per
1276 2047 1441 2079 metaphoram
1453 2046 1591 2078 accipitur,
1608 2052 1657 2080 pro
1669 2047 1770 2072 aliunde
1777 2048 1890 2082 sumere,
1915 2057 1938 2074 et
1951 2051 1992 2074 mi
2002 2057 2048 2085 pro
2056 2051 2110 2086 suu,
2123 2062 2195 2078 uere-

1133 2079 1177 2104 bus
1190 2087 1237 2103 non
1249 2080 1426 2112 corporalibus.
1499 2080 1556 2107 Cic.
1571 2080 1603 2106 de
1617 2081 1678 2108 Nat.
1692 2082 1773 2108 Deor.
1788 2092 1839 2116 2³9¹
1858 2085 2015 2112 Mutuemur
2028 2086 2078 2112 hoc
2087 2097 2195 2122 quoque

1135 2113 1259 2147 verbum,
1277 2113 1436 2149 dicaturque
1450 2120 1503 2142 tam
1515 2116 1607 2143 aether
1620 2117 1724 2150 Latine,
1738 2126 1816 2152 quam
1832 2119 1932 2146 dicitur
1949 2123 2003 2148 aet.
2078 2122 2150 2150 Idem
2163 2124 2196 2151 de

1087 2161 1116 2187 53
1134 2150 1210 2175 Orat.
1225 2159 1244 2180 1,
1257 2159 1287 2181 95
1307 2150 1378 2177 Nam
1393 2160 1444 2185 ego
1459 2160 1525 2185 quae
1537 2153 1595 2179 sunt
1608 2153 1725 2179 oratoris
1740 2163 1800 2180 cum
1814 2154 1866 2180 illis
1882 2158 2044 2192 communia,
2065 2167 2119 2184 non
2139 2169 2196 2186 mu-

1135 2189 1198 2211 tuor
1211 2185 1244 2211 ab
1260 2185 1323 2212 illis.
1396 2187 1457 2213 Liu.
1471 2196 1511 2218 30.
1527 2197 1549 2213 12
1581 2187 1622 2214 Ab
1648 2197 1741 2214 amore
1761 2191 1932 2217 temerarium
1957 2199 2036 2227 atque
2056 2194 2195 2229 impudens

1134 2227 1271 2247 mutuatur
1282 2221 1439 2249 Consilium.
1512 2223 1569 2249 Cic.
1583 2223 1614 2248 de
1628 2223 1682 2250 Off.
1701 2233 1722 2257 2,
1735 2233 1772 2257 47
1790 2226 1819 2251 L.
1836 2226 1943 2260 quidem
1958 2229 2059 2255 eramus
2068 2239 2148 2263 quum
2158 2232 2194 2258 es-

1133 2257 1169 2282 set
1183 2255 1328 2284 admodum
1342 2257 1501 2290 adolescens,
1522 2267 1578 2284 non
1592 2258 1699 2285 aliunde
1712 2268 1843 2286 mutuatus
1858 2261 1903 2294 est,
1921 2263 1963 2288 sed
1978 2264 2025 2290 fibi
2043 2265 2096 2299 ipse
2119 2276 2196 2301 pepe.

1135 2292 1172 2317 rit
1186 2292 1331 2318 maximam
1344 2292 1462 2319 Laudem
1476 2302 1508 2319 ex
1520 2293 1566 2319 illa
1580 2295 1744 2322 accusatione
1758 2296 1846 2323 nobili
1854 2304 1880 2323 et
1889 2298 2013 2332 gloriosa.
2087 2302 2194 2329 Nomen

15 2329 35 2358 fi
48 2329 120 2357 aliud
132 2338 224 2364 genus,
244 2328 329 2355 veluti
342 2336 391 2362 pro
407 2326 498 2353 tritico
514 2336 606 2353 vinum
620 2335 787 2360 recipiamus,
806 2335 860 2352 non
874 2326 925 2352 erit
937 2332 1068 2353 mutuum.
1083 2332 1119 2357 60
1132 2326 1218 2353 virtus
1231 2335 1246 2354 a
1263 2327 1331 2353 viris
1347 2327 1382 2354 est
1395 2334 1512 2354 mutuata
1531 2326 1604 2356 Ideffi
1622 2329 1705 2357 Tusc.
1726 2341 1749 2365 2,
1770 2341 1797 2365 43
1816 2342 1838 2359 c.
1860 2340 1893 2363 18.
1967 2335 2143 2364 Subtilitatem
2161 2338 2194 2365 ab

16 2366 105 2392 Paullo
115 2365 177 2401 post,
196 2363 331 2399 Appellata
345 2363 380 2389 est
393 2370 479 2389 autern
493 2363 579 2388 mutui
591 2362 664 2388 datio
672 2361 704 2388 ab
719 2371 761 2392 eo,
776 2362 848 2397 quod
861 2362 892 2388 de
911 2370 971 2388 meo
993 2369 1068 2387 tuum

17 2400 57 2427 fit.
127 2401 206 2427 Caius
221 2400 249 2426 in
263 2400 280 2426 l.
300 2409 306 2426 1
329 2399 361 2427 D.
374 2398 406 2425 de
418 2398 515 2425 afflon.
530 2405 555 2424 et
574 2397 682 2433 obligat.
710 2399 799 2425 Mutui
816 2398 889 2424 datio
910 2397 1024 2424 consistit
1039 2398 1068 2423 in

15 2436 60 2462 his
71 2434 158 2468 rebus,
178 2444 244 2470 quae
254 2434 385 2470 pondere,
409 2442 537 2466 numero,
558 2435 713 2460 mensuraue
734 2434 868 2467 constant,
890 2434 975 2460 veluti
991 2434 1068 2466 vino,

16 2471 94 2501 oleo,
111 2472 262 2505 frumento,
284 2470 398 2504 pecunia
417 2475 568 2499 numerata,
588 2478 651 2504 quas
665 2479 705 2496 res
720 2470 748 2496 in
768 2470 818 2496 hoc
833 2469 939 2505 damus,
962 2476 990 2499 vt
1004 2469 1066 2496 fiant

1132 2362 1275 2388 Academia
1287 2369 1426 2390 mutuatur
1438 2371 1530 2391 orator
1550 2365 1587 2392 Id.
1603 2363 1635 2392 ist
1650 2366 1715 2393 Fato
1734 2377 1754 2399 3.

1168 2404 1196 2425 M
1209 2404 1229 2425 V
1241 2406 1264 2426 T
1275 2405 1298 2426 V
1307 2400 1331 2425 A*
1341 2405 1364 2426 Τ
1376 2405 1396 2425 V
1409 2406 1437 2432 8,
1457 2409 1482 2433 a,
1496 2409 1551 2427 um.
1575 2401 1662 2428 Pasliu.
1707 2404 1819 2429 Aliunde
1835 2412 1960 2440 acceptus,
1977 2409 2077 2443 propi-Io
2095 2411 2192 2445 opponi.

1129 2441 1180 2461 tur.
1254 2435 1320 2461 Plin.
1339 2444 1362 2468 2,
1374 2445 1390 2470 9
1410 2436 1486 2463 Luna
1499 2437 1528 2462 in
1541 2443 1629 2464 totum
1640 2444 1758 2466 mutuata
1772 2448 1787 2466 a
1800 2440 1854 2466 sole
1873 2441 1931 2468 luce
1951 2442 2045 2478 fulget.
2118 2447 2193 2472 Adde

1131 2470 1221 2496 Valer.
1237 2470 1308 2497 Max.
1324 2473 1350 2504 6,
1368 2479 1385 2505 7
1405 2479 1470 2498 extr.

13 2506 176 2541 accipientis,
194 2506 282 2542 postea
288 2505 352 2532 alias
365 2504 497 2539 recepturi
509 2505 626 2532 eiusdem
633 2506 737 2540 generis
751 2512 776 2532 et
790 2506 934 2541 qualitatis.
1006 2507 1066 2531 Mu·
1084 2510 1117 2542 65
1164 2512 1249 2532 MVT
1259 2513 1280 2532 V
1288 2513 1340 2533 AT
1349 2514 1358 2532 1
1369 2513 1388 2534 ο
1398 2528 1407 2540 ,
1434 2507 1504 2535 onis.
1530 2507 1549 2535 f.
1580 2508 1750 2546 [κιχρασμδς]
1779 2511 1836 2538 Cic.
1851 2512 1935 2540 Tusc.
1948 2521 1968 2546 1,
1983 2523 2030 2540 100
2051 2524 2071 2542 c.
2087 2525 2116 2548 42
2136 2517 2191 2551 Ego

12 2547 88 2569 tuum
99 2541 146 2576 est,
165 2541 184 2568 si
198 2541 283 2574 datur,
303 2540 375 2576 quod
387 2540 527 2568 reddatur:
556 2541 628 2576 quod
648 2541 729 2568 Siculi
749 2545 826 2571 ..οἶτον
849 2543 925 2568 Varr.
940 2541 972 2568 de
991 2541 1022 2568 L.
1036 2542 1064 2568 L.

11 2588 36 2612 4,
48 2579 86 2609 36.
99 2585 164 2604 extr.
201 2577 274 2610 Confi
288 2578 372 2604 Cuiac.
386 2577 441 2613 Obs.
463 2585 494 2609 11,
506 2585 542 2609 37.
590 2578 672 2604 Plaut.
694 2577 783 2604 Pseud.
797 2587 816 2611 1,
830 2587 851 2610 3,
864 2586 893 2608 52
913 2577 993 2604 Miser
1001 2578 1068 2609 sum,

14 2614 163 2647 Argentum
175 2614 302 2649 nusquam
322 2613 434 2639 inuenio
454 2619 584 2640 mutuum.
641 2614 786 2648 Argentum
805 2619 928 2640 mutuum
948 2613 1009 2640 dare
1029 2612 1068 2640 Id.

12 2648 80 2676 ibid.
93 2657 113 2683 1,
125 2657 148 2682 3,
161 2651 198 2676 61.
269 2648 307 2676 Id.
322 2648 388 2675 ibid.
402 2658 420 2682 1,
434 2658 458 2682 3,
473 2651 506 2675 60
524 2649 624 2676 Ν111111ς
638 2649 740 2682 esttibi,
754 2658 832 2684 quem
845 2650 930 2684 Roges
944 2656 1067 2675 mutuum

1129 2550 1197 2568 vero
1211 2541 1251 2568 illi
1267 2542 1409 2582 maximam
1422 2544 1534 2577 gratiam
1546 2543 1643 2578 habeo,
1657 2546 1730 2581 quod
1746 2556 1787 2573 me
1801 2556 1830 2573 ea
1845 2556 1928 2582 poena
1942 2549 2192 2586 multauerit,quam

1129 2576 1182 2604 sine
1195 2584 1363 2604 mutuatione
1378 2584 1404 2606 et
1416 2579 1469 2605 sine
1485 2581 1592 2606 versura
1605 2581 1703 2616 possein
1723 2582 1872 2611 diffoiuere.
1945 2584 2019 2612 Idem
2040 2597 2089 2621 pro
2109 2588 2128 2614 F
2131 2589 2191 2615 laec.

1129 2620 1162 2653 47
1182 2622 1203 2653 e.
1217 2622 1248 2639 20
1268 2614 1360 2647 Qum
1373 2614 1459 2641 Roma
1473 2616 1538 2642 clam
1555 2617 1615 2643 esset
1629 2618 1777 2652 presedius,
1794 2621 1946 2654 multosque
1960 2622 2068 2649 minutis
2088 2631 2191 2650 mutua-

1129 2648 1249 2677 tionibus
1262 2649 1441 2684 fraudauiffet,
1461 2650 1491 2677 in
1503 2652 1588 2678 Asiam
1603 2654 1685 2682 venit.
1760 2656 1817 2682 Hae
1832 2656 2034 2684 Translationes
2048 2659 2118 2692 quasi
2133 2669 2189 2686 mu-

12 2685 173 2720 Argentum?
241 2685 413 2712 Frumentum
426 2691 549 2711 mutuum
561 2685 695 2720 aliquibus
708 2685 770 2712 dare
790 2685 888 2712 Cic.de
896 2686 965 2720 Lege
973 2687 1066 2720 Agrar.
1080 2696 1117 2725 70
1129 2685 1260 2712 tuationes
1293 2686 1368 2720 sunt,
1409 2695 1503 2722 quum,
1529 2688 1602 2723 quod
1623 2697 1679 2716 non
1698 2689 1804 2725 habeas,
1825 2691 1933 2719 aliunde
1958 2693 2042 2720 sumas
2075 2694 2132 2722 Cic.
2157 2696 2189 2723 de

11 2729 35 2754 2,
50 2726 78 2749 82
96 2729 119 2747 e.
139 2730 176 2753 30.
212 2721 332 2748 Mutuam
344 2721 484 2747 Pecuniam
498 2720 560 2747 dare
597 2742 604 2748 .
643 2741 650 2748 .
686 2742 693 2748 .
767 2722 871 2748 Mutuas
892 2721 1016 2748 Pecunias
1028 2721 1067 2747 su-

11 2764 85 2783 mere
105 2756 160 2784 Cic.
174 2755 287 2792 Philipp.
299 2766 338 2790 10,
357 2757 394 2782 26.
465 2756 586 2784 Sestertia
599 2764 690 2784 mutua
703 2757 820 2792 quinque
841 2766 930 2792 petere
950 2756 1066 2784 Martial.

9 2799 49 2826 ιο,
61 2800 99 2825 14.
169 2793 294 2819 Mutuum
303 2799 350 2828 pro
364 2791 542 2819 Commodato
554 2793 635 2828 posuit
661 2794 754 2820 Ascon.
781 2793 839 2820 Ped.
855 2793 886 2820 ad
907 2793 962 2820 Cic.
985 2795 1064 2821 Verr.

10 2836 31 2860 Ι,
45 2837 76 2861 49
95 2837 116 2855 c.
130 2836 156 2862 19
175 2827 283 2855 Licebat
294 2828 368 2855 enim
381 2833 473 2854 mutua
485 2827 547 2855 haec
555 2829 632 2864 Signa
644 2829 782 2864 deportare
801 2830 914 2856 Romam
933 2828 1064 2856 aedilibus

1129 2721 1202 2747 Orat.
1254 2731 1276 2748 c.
1311 2728 1334 2751 8.

1164 2731 1429 2797 MV'31'VA31'ICIVS,
1453 2768 1477 2793 a,
1494 2768 1548 2788 um.
1563 2759 1624 2787 Adi.
1642 2760 1775 2797 [Baucis-dc]
1794 2764 1870 2799 Qod
1880 2766 2059 2798 ululandum,
2080 2766 2148 2794 Gell,
2158 2775 2189 2794 20

1128 2801 1149 2819 c.
1170 2803 1178 2819 1
1195 2793 1366 2828 Maximeque
1377 2795 1406 2820 in
1421 2796 1548 2829 pecuniae
1561 2796 1732 2824 inutuaticiae
1746 2798 1793 2824 vsu
1807 2805 1887 2831 atque
1901 2800 2072 2827 commercio.

1161 2830 1248 2856 MVT
1261 2835 1282 2855 V
1296 2837 1319 2857 A
1330 2837 1349 2856 R
1359 2837 1401 2856 LV
1415 2837 1428 2857 s
1438 2853 1447 2866 ,
1467 2840 1492 2864 a,
1512 2841 1567 2859 um.
1588 2832 1648 2858 Adi.
1669 2834 1735 2858 Idem
1759 2835 1823 2867 quod
1839 2835 1952 2860 Mutuus.
2010 2836 2086 2870 Apul.
2108 2838 2186 2872 Apol.

8 2862 43 2890 ad
55 2869 177 2891 ornatum
191 2864 324 2896 ludorum,
344 2869 371 2890 et
389 2864 493 2890 rursum
507 2864 584 2891 sociis
601 2872 746 2899 reportare.
820 2865 893 2892 Non.
910 2875 932 2898 5,
950 2875 983 2899 70
1005 2866 1063 2906 Mu-
1077 2875 1110 2903 75
1125 2873 1151 2899 p.
1166 2874 1212 2897 430
1230 2866 1268 2892 ed.
1283 2866 1389 2899 floridi,
1409 2867 1556 2896 Mutuarias
1569 2877 1663 2903 operas
1676 2868 1794 2896 cambire
1810 2878 1870 2896 cum
1879 2869 1987 2904 vicinis,
2005 2872 2024 2897 i.
2033 2878 2187 2908 permutare,

7 2903 84 2926 tuum
97 2907 112 2925 a
125 2899 220 2926 fenore
232 2899 284 2926 hoe
296 2899 381 2932 distat,
399 2899 472 2934 quod
487 2906 608 2927 mutuum
621 2900 673 2927 fine
685 2901 779 2934 vs'uris,
804 2901 880 2928 fenus
896 2911 957 2928 cum
976 2902 1063 2928 vsuris

7 2934 128 2968 sumitur,
145 2942 171 2962 et
182 2935 219 2962 est
230 2935 329 2970 accepti
342 2935 421 2968 fetus,
439 2935 510 2962 vnde
525 2942 550 2962 et
558 2936 635 2963 fenus
649 2936 751 2964 1116111111
764 2937 808 2970 est,
829 2945 857 2964 vt
873 2939 973 2964 Graece
986 2943 1063 2970 τόκος,

10 2970 80 3005 quafi
90 2977 180 3005 partus
191 2972 278 2998 mutui
291 2972 378 2998 sumti.
451 2971 554 2998 Plautus
569 2972 686 2999 Asinaria
701 2976 737 3006 (1,
751 2982 772 3005 3,
785 2978 869 3007 extr.)
890 2974 959 3000 Nam
974 2973 992 3000 si
1007 2982 1063 3000 inu-

8 3011 64 3033 81135
81 3016 136 3034 11011
154 3012 260 3042 potero,
283 3013 385 3034 eertum
396 3006 434 3034 est
452 3007 552 3034 sumam
570 3008 674 3035 fenore.
747 3009 787 3035 Sic
801 3009 951 3045 distinguere
963 3010 1064 3035 videtur

1119 2901 1210 2935 facere
1225 2908 1254 2927 vt
1267 2901 1382 2935 faciant.

1529 2942 1570 2976 M
1643 2941 1673 2974 V
1755 2944 1780 2976 Z

1162 3016 1191 3038 M
1200 3016 1222 3037 v
1230 3015 1247 3037 z
1256 3017 1267 3037 1
1276 3016 1296 3038 R
1307 3017 1319 3037 1
1331 3017 1345 3038 s
1351 3031 1362 3046 ,
1389 3011 1421 3039 is.
1447 3012 1467 3039 f.
1504 3010 1655 3049 [Μέζιρις]
1690 3014 1778 3041 Indiae
1802 3016 1935 3051 emporium
1944 3033 1954 3049 ‚
1983 3016 2052 3042 cuius
2070 3016 2183 3042 meminit

7 3041 98 3069 Pseud.
111 3052 130 3076 1,
142 3051 166 3077 3,
181 3052 207 3076 52
227 3043 364 3070 Inuenires
388 3048 529 3077 mutuum,
547 3050 591 3070 aut
601 3044 631 3077 fi
645 3046 687 3071 hoc
698 3054 745 3072 non
757 3045 849 3080 pcffis,
870 3045 909 3071 Ad
924 3045 1060 3072 Danistuui
1076 3052 1109 3079 80
1124 3045 1189 3073 Plin.
1210 3048 1236 3082 6,
1256 3055 1291 3080 23.

9 3076 157 3113 deueuires,
178 3078 285 3105 adderes
297 3078 471 3105 fenusculum.
669 3078 690 3118 q
712 3090 724 3107 2
746 3083 794 3106 Sed
805 3082 882 3107 latius
888 3087 968 3115 patet,
980 3089 1004 3107 et
1016 3084 1061 3107 ad-

12 3112 116 3147 bibetur,
127 3115 264 3149 *ubicunque
272 3115 453 3150 permutati'one
460 3115 565 3149 quedam
577 3116 670 3147 damus,
685 3117 825 3149 tribuimus,
835 3117 946 3150 facimus
952 3117 1061 3152 aliquid,

12 3152 38 3173 et
50 3146 122 3181 idem,
141 3158 189 3176 non
199 3160 308 3184 numero,
327 3155 375 3183 (vt
387 3151 522 3185 loquuntur
535 3151 708 3188 Aristotelia)
723 3152 771 3187 sed
785 3152 953 3188 aeste'man'one
971 3153 1062 3186 accipi-

12 3190 73 3207 mus.
110 3183 149 3208 Sic
166 3185 273 3213 Mutuus
287 3195 374 3220 amor,
392 3195 465 3221 quum
477 3187 507 3211 ab
523 3195 547 3212 eo
555 3189 650 3212 amaris
664 3197 732 3222 quem
745 3197 821 3214 amas.
858 3189 926 3215 Ter.
946 3208 952 3215 .
973 3209 979 3215 .
1005 3190 1060 3215 Me-

1394 3085 1885 3121 MYetMYA

1157 3160 1213 3181 MY
1233 3155 1287 3180 vid.
1301 3155 1368 3181 locus
1382 3156 1522 3191 Varronis,
1542 3166 1611 3192 quem
1623 3159 1709 3185 damus
1720 3158 1748 3184 in
1768 3163 1886 3185 MVSSO.

1157 3195 1262 3223 MYA,
1275 3198 1314 3217 ae.
1333 3191 1354 3217 f.
1376 3191 1462 3232 [¹45²]
1483 3193 1572 3220 Genus
1593 3193 1708 3221 conchae
1728 3193 1780 3221 siue
1798 3192 1956 3227 margaritae
1976 3193 2004 3220 in
2018 3192 2089 3221 freto
2109 3195 2180 3223 cii-ca

11 3216 97 3244 tetrix
108 3216 305 3256 adolescentem,
325 3223 399 3248 cuius
413 3228 506 3249 mutuo
520 3230 612 3249 amore
628 3222 774 3256 tenebatur,
799 3224 914 3251 exclusit.
952 3224 1102 3260 Qiin&.85
1122 3225 1291 3261 Bosphorum
1312 3226 1483 3262 Thracium,
1518 3229 1630 3256 vniones
1656 3229 1732 3256 rufos
1754 3237 1782 3255 ae
1808 3237 1903 3263 paruos
1925 3229 2033 3263 gignens
2059 3230 2125 3258 Plin.
2146 3241 2179 3265 9,

11 3260 46 3285 12,
61 3262 74 3284 7
93 3254 129 3277 ad
134 3253 217 3288 finem,
237 3259 272 3284 Ac
285 3267 317 3285 ne
330 3267 430 3293 pauper
442 3257 551 3293 quidem
564 3264 690 3293 tanquam
709 3259 858 3286 mercedem
877 3260 998 3295 accipiet,
1017 3259 1060 3286 sed

9 3294 103 3318 mutua
116 3287 298 3319 beneuolentia
309 3299 405 3321 vtetur.
463 3295 536 3329 Conf.
555 3294 612 3321 Cic.
627 3295 699 3322 Fam.
722 3303 757 3325 12,
769 3304 802 3327 17.
875 3297 987 3323 Animus
1004 3305 1060 3322 mu-

10 3328 73 3350 tuus
86 3324 156 3350 Hor.
170 3324 256 3352 Carm-
267 3336 294 3366 4,
310 3338 328 3361 1,
340 3338 381 3362 30.
452 3330 503 3357 Pro
518 3337 612 3360 mutuo
625 3331 695 3357 inter
708 3339 757 3357 nos
765 3330 862 3358 Animo
880 3332 981 3359 Metell.
1004 3332 1060 3358 Cic.

10 3359 83 3387 Fam.
96 3367 118 3392 ς,
130 3368 155 3386 2.
224 3361 329 3390 ‘Animis
344 3365 442 3392 mutuis
454 3373 555 3400 amant,
582 3373 702 3394 amantur
722 3367 818 3394 Catull.
838 3376 879 3401 43.
899 3377 941 3395 20.
1014 3368 1061 3392 Ar-

1122 3269 1159 3293 35.
1237 3258 1258 3299 fl
1271 3271 1284 3288 2
1306 3262 1346 3289 Est
1360 3263 1426 3290 item
1439 3265 1601 3298 Mya‚insula
1610 3265 1638 3291 in
1647 3265 1701 3291 sinu
1710 3265 1859 3298 Ceramico,
1872 3265 1938 3290 cuius
1952 3265 2063 3291 meminit
2070 3265 2133 3299 1115,
2145 3277 2179 3299 3¹-

1159 3303 1184 3324 M
1195 3303 1214 3323 Y
1224 3304 1247 3324 A
1257 3303 1275 3324 C
1285 3304 1308 3326 A
1319 3305 1341 3325 N
1354 3305 1377 3326 Τ
1390 3305 1411 3326 H
1424 3306 1445 3327 Ο
1458 3307 1479 3326 N
1490 3322 1498 3334 ,
1520 3301 1538 3327 i.
1559 3310 1585 3327 n.
1606 3301 1773 3334 [μυάκανθσν]
1793 3302 1876 3326 Herba
1889 3299 1929 3335 est,
1950 3310 2012 3334 quae
2033 3302 2083 3327 alio
2102 3303 2179 3328 nomi*

1122 3341 1151 3358 ne
1164 3334 1292 3368 Cormada,
1310 3336 1352 3360 hoc
1364 3335 1396 3370 est
1409 3336 1531 3363 siluestris
1544 3336 1689 3370 asparagus,
1706 3336 1809 3368 dicitur,
1826 3342 1855 3360 vt
1868 3338 1936 3360 docet
1951 3335 2018 3364 Plin.
2033 3346 2068 3371 19,
2081 3343 2104 3367 3.

1158 3370 1316 3403 MYKCES,
1335 3379 1389 3398 um.
1410 3381 1446 3399 rn.
1469 3371 1583 3406 [μύκης]
1603 3371 1683 3406 Pisces
1699 3372 1816 3397 videmur
1825 3370 2019 3406 exustae-corum
2032 3373 2056 3408 s.
2077 3376 2177 3401 concha-

11 3394 62 3422 dor
82 3395 186 3422 Lucret.
201 3405 225 3428 4,
237 3404 299 3423 1210.
368 3400 553 3429 Beniuolentia
566 3402 596 3428 in
608 3410 699 3430 mutua
712 3403 790 3429 amici
797 3403 982 3444 conquiescere
1003 3403 1059 3430 Cic.
1072 3415 1109 3441 90
1121 3413 1175 3430 rum
1184 3414 1286 3440 genere,
1301 3406 1396 3439 fhrtea
1410 3409 1570 3442 conniuenao,
1577 3406 1625 3433 ἁπᾶ
1637 3409 1669 3434 τῦ
1681 3408 1744 3439 μύειν
1755 3406 1826 3432 ditsli.
1836 3406 1949 3440 Purgant
1957 3413 1982 3433 et
1989 3417 2173 3443 myaces‚quo.

12 3430 45 3458 de
57 3430 164 3458 Amicit.
186 3440 221 3457 2².
239 3467 244 3471 1
285 3432 426 3472 'Beneficia
443 3444 534 3464 mutua
553 3444 578 3464 et
596 3445 668 3473 grata
688 3438 751 3465 dum
774 3440 847 3471 sunt,
866 3446 936 3467 inter
950 3448 1014 3474 quos
1030 3447 1060 3464 ea

10 3466 80 3499 sum,
98 3466 174 3493 firma
186 3466 373 3506 deuinciuntur
391 3471 509 3499 societate
528 3474 602 3501 Idem
618 3475 672 3502 Off.
686 3484 705 3508 1,
714 3476 752 3506 56.
825 3476 913 3503 Carne
924 3474 1060 3502 mutuain-

10 3506 52 3529 ter
65 3503 92 3529 se
103 3503 243 3529 vescuntur
264 3503 331 3530 Plin.
345 3512 384 3536 10,
393 3512 429 3536 23.
446 3508 465 3534 i.
486 3510 571 3535 Olores
587 3510 719 3546 vescuntur
732 3511 849 3537 carnibus
862 3513 961 3538 clerum.
998 3511 1060 3536 Cer-

10 3537 110 3578 tamina
130 3537 213 3578 Ouid.
226 3539 317 3565 Amor.
331 3546 357 3572 2,
372 3548 409 3572 10,
422 3548 472 3581 ²9·.
514 3545 631 3572 Consilia
658 3547 742 3581 plaut.
761 3546 836 3581 Epid.
850 3557 868 3582 1,
885 3557 904 3578 1,
912 3554 950 3581 89.
989 3547 1059 3573 Con-

11 3581 88 3600 viiua
101 3580 192 3600 mutua
206 3580 276 3600 inter
289 3575 315 3600 se
329 3580 421 3601 curant
441 3576 619 3617 Virg.Georg.
633 3592 651 3615 1,
662 3591 714 3614 30¹·

12 3610 66 3643 69¹·
136 3610 214 3636 DiCh'i
226 3616 316 3636 mutua
329 3610 431 3636 referre
452 3611 531 3653 ‚Ouid-
543 3617 606 3644 Met.
620 3627 641 3651 i,
654 3621 709 3651 ⁶35-
779 3618 845 3645 Face
864 3625 955 3645 mutua
974 3624 1059 3644 torret

12 3652 55 3670 me
74 3643 141 3685 Hor.
156 3646 245 3685 Cat-m.
260 3656 280 3682 3,
292 3655 317 3679 9,
331 3655 361 3678 13·
434 3646 541 3674 Flducm
555 3658 645 3690 mutua
659 3654 730 3680 inter
744 3654 769 3680 se
788 3654 855 3682 Plin.
867 3655 945 3690 Epist.
967 3663 1005 3686 10,
1023 3662 1057 3680 21.

13 3679 207 3721 Gaudrand.
221 3683 313 3722 Amor.
326 3682 386 3721 3,.6,
398 3688 437 3721 tw.
510 3683 579 3717 Ignis
597 3688 704 3716 Tibull.
718 3699 742 3722 4,
755 3699 778 3722 5,
791 3692 815 3719 6.
906 3690 971 3717 Plin.
987 3699 1019 3722 12,
1032 3698 1058 3722 14

4 3714 85 3742 ,811113
98 3714 181 3743 diuisa
191 3724 269 3744 certis
284 3717 455 3753 portionibus
464 3738 472 3751 ,
492 3722 740 3751 mutuaInnocentia
754 3731 809 3752 tuta
821 3725 867 3752 est.
895 3728 933 3752 De
943 3726 1058 3760 pluribus

1121 3449 1181 3466 rum
1189 3446 1242 3467 tota
1249 3448 1342 3468 natura
1350 3442 1394 3468 hic
1402 3442 1512 3470 dicetur.
1534 3444 1700 3470 Aceruantur
1707 3441 1838 3468 muricum
1846 3442 1938 3475 modo,
1947 3444 2097 3479 viuuntque
2106 3446 2133 3471 in
2141 3447 2177 3472 al-

1120 3475 1197 3510 gosis,
1213 3477 1349 3510 gratissimi
1370 3483 1517 3512 autumno,
1543 3485 1569 3505 et
1585 3477 1632 3505 vbi
1645 3478 1726 3504 dulcis
1741 3486 1807 3511 aqua
1820 3478 1902 3504 inulta
1918 3479 2125 3513 misceturmari,
2140 3481 2175 3508 ob

1120 3511 1148 3537 id
1162 3511 1191 3538 in
1206 3514 1329 3547 Aegypto
1339 3513 1515 3542 laudatissimi.
1587 3513 1745 3541 Procedente
1760 3514 1847 3540 hieme
1855 3515 2059 3542 amaritudinem
2073 3522 2174 3544 contra-

1121 3546 1198 3581 hunt,
1216 3549 1389 3583 coloremque
1402 3549 1514 3578 rubrum
1550 3551 1617 3575 Haec
1629 3556 1653 3574 et
1662 3549 1737 3583 plura
1759 3549 1823 3575 Plin.
1838 3559 1873 3583 3²,
1892 3559 1907 3583 9
1928 3550 1945 3576 s.
1967 3560 1997 3582 31·

794 3583 900 3618 Cupido
919 3584 1021 3610 Lucret.
1036 3590 1059 3615 ς,
1076 3587 1114 3620 95ζ
1157 3589 1183 3609 Μ
1193 3591 1212 3609 Υ
1222 3582 1328 3611 Ᾰῦκο
1338 3592 1368 3619 S,
1388 3586 1406 3612 i.
1427 3595 1462 3613 m.
1499 3585 1590 3612 Herba
1602 3583 1733 3611 ferulacea
1746 3584 1790 3618 est,
1810 3585 1884 3612 foliis
1901 3586 1992 3613 similis
2005 3586 2107 3618 rubiae,
2127 3587 2173 3613 tri.

1119 3619 1247 3654 pedanca:
1268 3621 1357 3647 semen
1370 3621 1499 3655 oleosum,
1518 3619 1589 3655 quod
1602 3625 1628 3646 et
1641 3619 1670 3646 sit
1682 3629 1714 3647 ex
1728 3629 1769 3647 eo.
1842 3621 1967 3648 Medetur
1975 3623 2030 3648 oris
2043 3623 2172 3649 vlceribus

1118 3655 1255 3690 peruniffis
1271 3655 1322 3683 hoe
1336 3657 1411 3684 succo
1430 3657 1495 3684 Plin.
1511 3664 1551 3689 27,
1567 3664 1597 3682 12.
1635 3656 1759 3682 Sci-ibitur
1780 3657 1853 3683 etiam
1871 3658 2016 3692 Myiagros.

1156 3698 1182 3717 M
1191 3699 1210 3719 Y
1219 3698 1242 3718 A
1252 3698 1273 3718 G
1288 3698 1308 3718 R
1320 3698 1340 3718 V
1352 3698 1365 3718 S
1380 3693 1424 3718 vel
1436 3699 1461 3718 M
1471 3700 1489 3718 Y
1499 3699 1508 3718 1
1518 3692 1539 3718 K
1547 3697 1568 3718 G
1578 3697 1597 3717 R
1607 3696 1629 3718 V
1640 3697 1676 3724 S„
1685 3692 1705 3719 i.
1726 3702 1761 3718 111.
1802 3696 1936 3727 Μνίαγρσς]
1958 3691 2169 3726 Deusmuscarum.

1118 3727 1186 3753 Plin.
1208 3737 1247 3760 10,
1261 3732 1292 3757 28
1312 3728 1330 3754 s.
1343 3737 1377 3760 40
1395 3728 1523 3754 Inuocant
1537 3733 1564 3753 et
1576 3727 1699 3762 Aegyptii
1712 3728 1769 3754 ibes
1797 3736 1841 3754 uas
1856 3734 1947 3755 contra
1956 3729 2114 3762 serpentium
2126 3728 2168 3753 ad-

12 3749 92 3781 dixit,
111 3760 158 3777 non
169 3754 200 3778 de
213 3754 301 3780 duobus
317 3760 421 3780 rantum.
495 3754 567 3781 odio
580 3764 671 3786 mutuo
684 3761 792 3795 flagrant
810 3762 880 3788 inter
893 3762 917 3788 se
937 3761 1019 3795 mugil
1033 3765 1059 3788 et
1068 3769 1245 3793 ioovent11n13
1262 3769 1288 3789 et
1301 3763 1358 3789 Elei
1377 3763 1516 3797 Myiagron
1536 3761 1624 3796 deum,
1649 3763 1794 3789 muscarum
1809 3763 1979 3790 multitudine
1998 3763 2167 3798 pestilentiam

13 3784 90 3824 lupus
108 3785 174 3813 Plin.
187 3796 214 3818 9.
229 3791 268 3816 62.
339 3788 443 3816 Officiis
457 3791 556 3817 mutuis
571 3801 708 3821 commune
716 3797 884 3824 commodum
897 3797 1059 3832 gubernatur

14 3821 71 3846 Cic.
85 3829 134 3854 pro
146 3822 220 3849 Rosc.
233 3825 319 3851 Amet.
333 3833 362 3851 111
382 3835 404 3851 c.
417 3832 452 3858 38.
526 3828 626 3861 Operas
633 3835 734 3856 mutuas
748 3834 850 3859 tradere
869 3834 938 3860 Ter.
953 3833 1060 3862 Phorm.

12 3864 59 3895 ²³}
79 3859 123 3888 (1,
142 3860 171 3890 ς)
190 3866 225 3890 37·
297 3861 404 3888 Praeliis
423 3862 494 3888 inter
514 3863 538 3888 se
556 3872 670 3897 pugnare
694 3865 764 3893 Hirr.
783 3868 815 3895 de'
831 3869 895 3896 Bell.
915 3869 971 3895 Afr.
984 3878 1005 3895 c.
1019 3878 1058 3903 29.

12 3891 73 3918 Liu.
87 3901 110 3924 4,
124 3901 149 3924 41
170 3892 228 3920 Nee
240 3895 396 3923 Volscorum
409 3898 535 3925 meliores
556 3908 595 3925 res
610 3900 657 3925 esse
665 3900 779 3935 credere,
793 3913 870 3938 quam
887 3906 950 3941 Pop.
964 3905 1060 3931 Roma-

1121 3798 1260 3825 afferente:
1298 3807 1363 3834 quae
1371 3798 1493 3834 protinus
1504 3798 1648 3832 intereunt,
1673 3799 1847 3833 qualitatum
1866 3799 1901 3825 est
1915 3799 1955 3825 illi
1973 3799 2023 3825 die.
2094 3797 2164 3829 Conf.

1121 3840 1277 3862 MYIODES.
1410 3831 1431 3871 ff
1449 3842 1463 3862 a
1488 3833 1528 3870 Est
1540 3842 1564 3861 et
1576 3835 1869 3871 Myiagrus‚stma›-ius
1883 3836 1982 3870 quidam
2003 3833 2065 3860 Plin.
2084 3839 2124 3863 34,
2143 3837 2164 3860 8>

1523 3897 1563 3929 M
1637 3897 1664 3928 Y
1740 3898 1767 3929 C

13 3926 43 3955 ni
55 3926 207 3964 fortunam,
224 3930 382 3968 nouemque
399 3934 492 3963 omia
508 3934 639 3964 Terroris
657 3936 744 3963 mutui
761 3937 883 3974 implesse.
956 3940 1060 3970 Terr0·
1070 3958 1114 3987 ¹05
1158 3940 1272 3973 ΜΥΕᾸ
1282 3949 1297 3968 ¹—
1308 3948 1337 3975 Ἑν
1357 3950 1393 3968 ⁰⁵·
1406 3941 1425 3970 f-
1445 3942 1577 3979 [Monam]
1593 3943 1787 3972 Promontorinm
1803 3936 2116 3976 Ioniae,eregioneinsulae
2123 3939 2165 3980 83-

1278 3976 1411 4006 tibba
2117 3982 2165 4002 ⁷⁶¹»-
