2517 4231
8 3521 11 3542 χ
28 3513 70 3547 ,In
84 3512 148 3539 ae‘tis
162 3512 273 3539 alicuius
287 3513 424 3548 quippiam
439 3523 576 3545 numerare
606 3521 644 3548 Id.
659 3521 772 3556 Philipp.
787 3531 812 3555 1,
829 3531 863 3555 19.

20 3304 64 3330 v2,
79 3307 95 3326 1.

44 279 118 306 etiam
128 276 182 303 alia
192 276 263 311 apud
274 274 406 307 Nonium,
425 282 451 299 v.
464 281 492 308 g.
506 272 570 299 illud
581 272 715 308 Turpilii,
733 272 879 305 Nunquam
893 270 973 298 nimis
988 279 1101 299 numero

45 320 203 349 quemquam
219 311 276 338 vidi
289 311 385 342 facere,
406 317 485 344 quam
500 308 572 336 faeie
583 309 619 337 est
632 317 707 343 opus.
742 308 846 334 Interim
952 305 973 343 q
994 316 1005 333 2
1043 308 1100 334 N...

28 358 30 360 ’
45 356 121 375 mero
139 348 214 374 etiam
234 347 288 374 cito
299 345 445 381 significare
464 346 507 371 vel
520 343 636 371 Varroni
654 343 800 370 credendum
819 341 852 378 ‘ss
869 344 937 378 apud
955 344 1028 370 Non.
1045 344 1062 370 l.
1077 353 1100 370 c.

44 384 80 410 Vt
97 383 143 417 qui
163 388 254 409 contra
273 381 394 408 celeriter
417 388 493 407 erant
511 380 582 413 nati,
606 380 661 406 fere
679 378 826 406 Numerios
853 379 1101 413 praenominabant,

44 418 117 453 quod
130 418 177 453 qui
190 418 244 445 cito
257 417 390 444 taciturum
404 417 469 451 quid
483 417 507 443 se
521 415 655 443 ostendere
671 413 786 447 volebat,
807 413 925 449 dicebat,
947 424 1059 442 munero
1072 415 1100 442 id
1123 417 1138 443 ⁵

42 454 118 484 fore3
138 453 211 488 quod
224 453 303 480 etiam
318 453 347 478 in
367 460 441 488 partu
461 451 631 487 precabantur
645 449 807 483 Numeriae,
828 459 905 484 quam
928 451 1003 478 deam
1018 451 1102 478 solent

42 489 190 524 indigetare
207 489 288 515 etiam
306 488 455 515 Pontifices.
499 488 554 513 Huc
574 486 648 512 etiam
669 486 786 512 retuleris
805 484 869 512 illud
889 487 1016 514 Varronis
1038 487 1101 514 ibid.

44 524 118 559 Qud
137 524 175 558 (fi
190 528 291 559 quum)
313 534 378 559 puer
392 523 516 558 rogasset,
532 527 558 549 et
568 521 695 557 petasatus
714 521 798 555 capite
812 523 954 556 annuisset,
975 531 1003 549 ac
1022 522 1101 548 disce-

43 561 106 588 dens
120 569 233 588 numero
245 561 280 587 ait
296 561 387 586 venire
400 559 603 588 adolescentem:
622 563 648 583 et
664 556 786 590 Afranii,
807 558 932 586 Numero
945 558 1030 593 inepti
1042 565 1100 592 per-

42 595 165 624 timuistis
179 597 268 623 cassam
283 596 434 623 terriculam
454 592 608 620 aduersarii.
648 595 686 619 De
701 593 766 629 Festo
781 594 832 620 iam
845 595 963 620 diximus.

79 638 102 658 N
112 637 133 657 v
145 638 170 658 M
183 639 199 659 E
208 638 226 658 R
235 633 255 659 ὁ
264 638 277 658 8
291 638 310 657 v
322 637 353 663 S,
390 639 419 663 a,
449 637 503 656 um-
542 628 600 655 Adi.
643 630 721 664 Qod
748 639 836 664 magno
870 629 962 664 constat
992 636 1101 654 numero.

39 667 107 695 Plin.
119 667 197 702 Epist.
213 677 258 700 10,
277 677 309 702 50
341 667 401 693 Hoc
419 673 486 699 opus
504 665 655 691 numerosas
676 665 760 699 poscit
780 673 888 695 manus,
913 666 936 690 h.
952 673 973 690 e.
992 664 1099 691 Multas.

39 703 116 732 Idem
131 704 158 729 in
172 705 263 737 Paneg.
279 709 307 732 28
317 708 357 736 pr.
388 700 450 727 Alio
465 709 507 726 me
521 706 599 726 vocat
610 701 750 727 numerosa
765 701 850 735 gloria
865 707 917 728 tua.
979 698 1101 730 Ambitu

41 738 225 766 numerosiore
239 739 347 765 litorum
366 735 586 762 circumflec'titur
599 736 675 763 Ionia
705 736 771 763 Plin.
787 746 807 769 5,
820 745 858 770 29.
929 733 1039 761 Brachia
1052 743 1100 760 nu-

41 775 143 802 merosa
157 774 251 801 ducere
281 771 360 799 Ouid.
374 772 466 798 Amor.
479 779 503 805 2,
517 784 541 804 4,
554 780 595 805 29.

41 820 106 837 ram.
178 809 258 837 Causa
270 807 472 834 numerosissima
505 808 571 834 Plin.
585 808 665 843 Epist.
679 816 709 841 2,
724 816 749 840 9.

40 844 134 873 Claud.
147 844 179 872 de
193 843 256 870 Bell.
271 843 328 870 Get.
341 850 403 876 482.
476 843 578 870 Ciuitas
594 842 798 871 numerosiffima
823 841 913 869 Tacit.
925 841 1012 875 Agric.
1026 850 1061 875 17,
1076 850 1099 868 2.

41 881 148 908 Cohors
172 878 238 906 Plin.
251 886 284 914 7,
307 887 349 912 44.
440 880 557 907 Martial.
573 889 603 913 4,
623 889 630 906 1
663 880 709 905 Ad
728 877 799 904 diem
818 878 926 903 natalem
946 878 1100 913 Domitiani,

39 916 148 951 Longa,
167 923 276 949 precor,
296 914 425 949 Pylioque
439 915 502 942 veni
516 914 681 941 numerosior
693 921 770 939 aeuo.
842 912 935 939 Gestus
966 912 1048 940 Ouid.
1065 922 1098 940 ex

38 951 113 980 Pont.
125 961 150 982 4,
161 958 195 981 33.
232 951 266 976 al.
288 951 402 977 Gressus.

37 989 117 1021 quain
130 985 227 1019 suerat,
246 985 385 1013 restituere
398 992 542 1021 coeperunt
566 985 631 1013 Plin.
644 984 690 1018 Ep.
705 993 750 1017 10,
764 990 803 1017 48.
876 986 969 1017 Credo,
990 986 1099 1011 membra

31 1022 129 1058 plura,
149 1022 288 1054 columnas,
304 1021 420 1057 statuas,
439 1023 504 1056 quod
520 1021 627 1046 baberet.
701 1020 743 1046 Sic
761 1020 863 1047 Hortus
890 1020 997 1047 Colum.
1011 1030 1055 1053 10,
1073 1022 1100 1047 6.

34 1056 55 1083 i.
74 1055 102 1082 in
114 1057 207 1082 multas
221 1067 293 1083 arcas
307 1057 406 1092 diuisus.
480 1055 547 1082 Loci
579 1055 691 1088 Quin&.
705 1057 738 1089 6,
752 1064 774 1089 3.
849 1056 917 1082 Laus
950 1057 1046 1082 Lucan.
1067 1056 1100 1082 ad

821 805 939 834 cicatrix
958 805 1099 832 numerosa

33 1091 122 1121 Pison.
136 1094 180 1119 66.
254 1093 354 1120 Malum
385 1093 471 1118 senec.
486 1091 566 1118 Herc.
580 1092 633 1118 fur.
649 1101 678 1124 4,
699 1097 722 1121 8.
796 1092 887 1126 Opus,
906 1091 961 1118 vid.
984 1099 1004 1119 o
1015 1099 1030 1119 Ρ
1042 1098 1062 1118 ν
1075 1098 1099 1119 s.

34 1127 128 1155 Partus
154 1128 223 1155 Plin.
239 1137 276 1162 11,
289 1136 335 1161 40.

33 1170 114 1196 29‚'2.
153 1165 170 1190 i.
192 1163 338 1198 frequentes
353 1162 469 1198 musculos
488 1172 518 1189 ac
534 1171 598 1190 toros
618 1164 721 1188 habens.-
742 1170 773 1189 vt
787 1173 842 1190 mox
862 1163 880 1190 s.
896 1171 908 1196 3
944 1163 1100 1191 Feminibus

34 1199 130 1226 torosis
154 1208 183 1227 ac
201 1198 354 1225 numerosis.
427 1197 543 1226 Phalanx
572 1198 661 1226 Valer.
675 1199 774 1234 Argon.
789 1209 814 1232 1,
834 1202 887 1231 436.

34 1234 202 1262 numerosior
222 1233 315 1261 Claud.
329 1235 358 1261 in
371 1234 480 1270 Eun-op.
497 1244 516 1268 1,
532 1233 585 1268 219.

34 1270 102 1297 Plin.
111 1270 190 1306 Epist.
201 1279 225 1304 2,
239 1280 272 1302 14.

998 1200 1100 1226 uaestus

660 1234 787 1262 Subsellia
800 1235 941 1262 numerosa
953 1202 1101 1271 stiiplentur

347 1270 475 1305 Suffragia
495 1270 699 1297 numerosiffima
726 1271 800 1298 Idem
821 1281 843 1303 7,
864 1279 905 1305 29.
981 1272 1101 1299 Varietas

34 1305 75 1333 Id.
88 1315 115 1339 9,
130 1314 165 1341 ¹7·
237 1306 312 1334 Idem
324 1306 526 1334 numerofiffima
540 1315 571 1340 11,
586 1316 612 1339 37
634 1307 651 1333 s.
666 1315 702 1340 53.

35 1341 147 1370 Gildon.
165 1350 222 1376 259.
420 1339 441 1379 ff
463 1351 476 1369 2
519 1342 648 1369 Horatius
667 1344 823 1370 numerosus
860 1342 943 1370 Ouid.
961 1343 1049 1370 Trist.
1070 1352 1099 1376 4,

34 1385 75 1410 ιο,
88 1386 133 1411 49.
168 1379 187 1404 i.
207 1377 339 1404 concinnus
350 1378 468 1405 carmine.
543 1379 693 1405 Numerosa
713 1378 802 1405 oratio
815 1379 944 1406 Ciceroni
961 1381 1057 1406 dicitur
1070 1379 1100 1406 in

35 1413 111 1440 Orat.
125 1422 173 1440 220
192 1422 214 1440 c.
227 1416 257 1446 63
287 1414 361 1449 Qec
380 1413 515 1449 estsimilis
532 1424 701 1447 numerorum,
723 1423 771 1439 non
790 1416 866 1449 plane
887 1424 900 1440 e
919 1416 1026 1441 numeris
1046 1424 1100 1441 con.

28 1447 110 1485 flans,
130 1451 189 1476 add.
203 1450 235 1475 ib.
249 1458 270 1476 c.
284 1451 326 1476 62.
400 1449 474 1476 Idem
488 1449 520 1476 de
534 1451 609 1476 Orat.
624 1458 647 1482 3,
664 1454 700 1482 183
733 1450 782 1476 Etsi
796 1452 966 1477 numerosum
980 1450 1016 1477 cst
1030 1450 1058 1477 id
1071 1451 1100 1478 in

1572 183 1815 226 NVM
2138 204 2220 244 490

1200 279 1311 300 NVME
1324 279 1342 300 R
1354 274 1376 302 Ᾱ
1389 279 1411 302 Τ
1424 279 1484 308 vs,
1503 283 1532 305 a,
1553 283 1606 302 um.
1645 275 1728 301 Aliud
1748 273 1841 301 Partic.
1873 275 2059 316 [ἦριθμημςης]
2098 282 2152 308 ας,
2172 291 2221 316 pro

1164 309 1270 336 Caecin.
1285 317 1315 341 11,
1327 319 1348 336 c.
1361 320 1387 343 ,1.
1425 312 1516 344 Qnun
1542 316 1661 338 vteretur
1678 311 1740 337 dote
1761 319 1850 336 moris
1872 320 2021 347 numerata,
2041 325 2095 350 quo
2113 317 2222 344 mulieri

1163 346 1224 371 esl'ct
1238 352 1279 369 res
1293 346 1394 372 cautior
1415 347 1498 374 Plaut.
1515 346 1598 375 Trin.
1615 358 1639 380 4,
1653 356 1673 381 3,
1686 353 1729 381 74.
1749 355 1772 372 et
1793 349 1869 373 Fut-n.
1884 355 1911 379 3,
1925 356 1951 381 2,
1968 352 2001 376 16.
2072 353 2160 379 Milite
2175 363 2223 380 nu-

1164 385 1266 407 merato
1279 382 1411 414 repetebat
1431 382 1511 409 casira
1545 383 1589 410 Sil.
1603 391 1630 418 7,
1644 391 1699 415 730.
1772 383 1939 416 Numerato,
1961 384 2014 409 vise
2027 389 2149 413 Aduo-hii
2161 389 2221 424 pnls-

1163 423 1216 441 tum
1238 415 1405 449 (ἀριθμήσει)
1442 418 1498 444 Cic.
1513 419 1566 446 Att.
1583 428 1614 450 ιε,
1628 427 1655 450 25
1687 417 1758 445 Mihi
1777 424 1802 445 et
1816 427 1873 450 res,
1892 425 1918 445 et
1930 419 2048 447 conditio
2064 422 2160 456 placet,
2179 417 2223 450 sed

1164 451 1210 483 ita,
1224 455 1251 476 vt
1267 458 1407 490 numerato
1425 454 1533 487 malini,
1554 463 1634 489 quam
1648 453 1846 488 aestimatione,
1866 455 1884 482 i.
1905 455 1998 480 Malim
2012 457 2139 482 numerari
2152 460 2222 491 mihi,

1164 492 1236 520 quam
1249 486 1343 511 diutius
1357 487 1502 521 asperim-e.
1576 491 1642 517 l-lor.
1657 489 1736 525 Epist.
1751 498 1776 524 2,
1789 499 1812 523 2,
1826 493 1871 517 166
1905 490 1978 524 Qud
1995 491 2076 517 refert
2091 492 2165 518 vinas
2179 503 2223 519 1111.

1163 523 1320 562 metatozi.
1335 528 1412 554 emto,
1426 522 1508 556 soluto
1527 534 1611 560 nuper
1631 534 1664 552 an
1683 526 1758 553 olim.
1831 528 1862 554 In
1879 532 2018 554 numerato
2039 526 2136 554 habere
2155 529 2226 562 inge.

1163 565 1255 589 11111111,
1284 566 1301 582 ι.
1324 558 1448 583 Promtum
1468 566 1491 584 st
1512 562 1548 584 ad
1564 570 1677 594 manum,
1697 563 1738 588 hoc
1755 561 1790 596 est
1806 560 2040 597 praesentrffimum,
2061 570 2084 588 et
2103 565 2138 588 acl
2156 571 2225 597 cxpe-

1163 592 1256 618 a'iemla
1269 601 1300 616 ex
1312 599 1416 627 tempore
1429 594 1534 619 dicenda
1541 594 1721 630 solertiffimum
1750 597 1881 630 Quinetil.
1893 600 1921 631 6,
1934 607 1946 631 3
1962 605 2028 626 exer.
2103 600 2226 631 Erasmus,

1162 629 1193 655 In
1211 634 1350 654 numerato
1371 627 1487 661 habere,
1500 630 1529 662 st
1544 632 1579 655 ml
1589 632 1668 656 animi
1686 642 1736 657 rem
1748 634 1938 667 transferatur,
1956 634 2084 669 prouerbii
2103 634 2226 660 rationem

1163 663 1285 690 habuerit.
1323 664 1432 689 smmum
1446 664 1477 700 ψ’
1490 667 1520 690 ab
1533 665 1576 698 iis,
1595 667 1640 700 qui
1654 676 1691 692 res
1699 665 1759 701 ficas
1772 671 1808 694 ad
1824 667 1980 702 certiffimum
1994 670 2114 696 calculum
2127 671 2226 705 redege-

1163 705 1237 731 runt,
1256 699 1299 723 hoe
1312 698 1345 733 est
1358 701 1394 724 1111
1404 700 1531 734 pecuniam
1546 709 1707 727 nutriet-atam.
1780 704 1809 730 In
1829 712 1968 732 numerato
1988 705 2139 740 relinquere
2153 705 2187 731 H.
2202 705 2227 732 S.

1164 734 1226 761 DC.
1249 735 1279 759 ln
1300 742 1431 760 numerata
1449 736 1570 770 pecunia,
1596 737 1639 762 vel
1654 738 1772 771 perunitoe
1793 748 1934 767 numeratae
1964 741 2029 768 Plin.
2042 749 2087 775 33,
2107 750 2136 768 10
2156 742 2173 769 s.
2189 750 2227 774 47·

634 773 657 799 b.
673 782 694 799 e.
721 773 767 798 Ad
775 779 866 799 certam
878 771 954 804 legem
969 777 991 795 et
1006 769 1100 804 mensu-
1119 773 1144 800 15
1164 771 1224 795 add.
1240 768 1278 796 ld.
1292 778 1319 802 33
1342 779 1363 797 c.
1376 779 1395 803 4
1416 771 1434 796 s.
1450 780 1482 803 17.

1199 811 1252 845 nv
1263 811 1288 845 M
1301 811 1319 832 r.
1333 811 1352 831 R
1365 812 1386 831 A
1398 811 1486 840 T10,
1510 806 1580 834 onis.
1618 805 1638 833 f.
1675 807 1836 844 [α’ριθμησις]
1875 811 2058 846 Colu1nel.11,
2073 821 2099 844 1,
2119 821 2147 844 24
2178 812 2227 840 Sed

1162 840 1210 867 vbi
1225 849 1291 868 aeris
1307 842 1458 869 numeratio
1470 842 1602 878 exigitur,
1623 851 1664 869 res
1678 852 1728 877 pro
1742 845 1829 870 numis
1842 845 1996 874 ostenditur.
2032 848 2097 883 conf.
2117 848 2192 877 Idem
2207 857 2228 885 1,

1163 881 1188 910 8,
1204 886 1235 910 13.
1307 877 1366 904 Sen.
1383 878 1461 912 Epist.
1478 885 1501 908 18
1526 878 1566 905 Ab
1579 878 1628 905 isto
1640 878 1686 905 fiet
1697 882 1855 907 numeratio.

1204 919 1226 939 N
1238 920 1259 940 V
1269 920 1294 940 M
1305 920 1322 940 E
1333 920 1351 939 R
1362 915 1413 940 ᾹΤ
1425 921 1445 941 0
1458 921 1474 941 R
1486 935 1494 948 ,
1515 915 1581 941 oris.
1617 924 1653 941 m.
1691 915 1827 950 Augustin.
1841 916 1955 943 Censen:
1971 927 1993 951 5,
2011 927 2029 951 4
2048 927 2114 946 extr.
2171 920 2230 947 Nu-

1201 991 1223 1011 N
1240 991 1259 1011 V
1272 991 1298 1011 M
1312 991 1329 1011 E
1340 991 1358 1011 R
1372 993 1393 1012 A
1407 992 1424 1012 R
1435 993 1444 1012 1
1454 993 1474 1012 V
1486 992 1499 1012 S
1512 1006 1520 1019 ,
1540 986 1558 1013 i.
1595 995 1631 1013 m.
1668 987 1860 1014 Aritbmeticur.
1886 987 1985 1023 [Glon‘.
2001 989 2111 1017 Gr.Lat.
2131 990 2229 1024 α’ριθμη-

1162 1019 1222 1054 τιῖς,
1243 1021 1421 1048 numerarius.
1457 1022 1488 1048 Et
1502 1020 1615 1055 ψηφιςῆς,
1631 1028 1810 1056 computator,
1829 1025 2017 1059 numerarius]
2081 1026 2186 1060 August.
2201 1028 2230 1054 in

1165 1056 1202 1082 Ps.
1219 1058 1264 1118 ¹36
1297 1056 1406 1083 Excedit
1424 1066 1518 1084 omnes
1536 1058 1722 1090 numerarios,
1749 1058 1923 1093 intelligentia
1941 1060 1998 1087 eius
2018 1062 2152 1089 munerari
2173 1072 2230 1089 non

1163 1099 1226 1126 pote
1251 1112 1258 1119 .

475 950 644 983 Gymnasium
665 949 744 983 longe
765 949 929 976 numerosius
950 949 1098 984 laxiusque,
1115 954 1152 972 20
1164 956 1283 976 metator
1299 948 1421 976 siderum.

1333 1092 1491 1119 Numerarii
1520 1094 1595 1119 iidem
1614 1103 1666 1119 cum
1688 1094 1822 1120 tabulariis
1846 1094 1982 1129 praesulum
2010 1104 2032 1123 et
2049 1099 2231 1132 pruefeHorum

409 1127 501 1154 Pthus
513 1127 694 1154 musculorum
709 1128 778 1154 toris
796 1128 969 1154 numerosum
997 1127 1058 1155 Col.
1072 1129 1099 1161 6,
1116 1134 1147 1161 ας
1165 1128 1233 1154 Rom.
1254 1128 1342 1162 quibus
1364 1129 1478 1163 publicae
1505 1129 1637 1155 ciuitatum
1654 1130 1765 1155 rationes
1797 1132 1931 1156 mandatae
1964 1140 2050 1158 erant:
2081 1135 2135 1160 vid.
2163 1134 2231 1160 Cod.

1164 1163 1276 1190 Theod.
1298 1171 1322 1189 et
1341 1166 1375 1189 ad
1392 1174 1445 1190 eum
1466 1164 1582 1197 Goaehufr.
1603 1171 1685 1200 parat.
1706 1171 1737 1197 8,
1757 1174 1765 1191 1
1793 1164 1824 1192 de
1850 1168 2024 1200 numerariis,
2043 1168 2167 1195 actuariis
2187 1176 2231 1195 etc.

1163 1199 1323 1226 Numerarii
1338 1199 1403 1226 item
1416 1200 1504 1227 vocati
1523 1201 1600 1233 sunt,
1632 1200 1689 1233 Qui
1709 1200 1846 1234 publicum
1865 1202 1974 1229 ninnum
1989 1204 2098 1230 aerariis
2112 1204 2233 1231 inferunt

1164 1235 1257 1263 Isidor.
1271 1244 1296 1268 9,
1310 1246 1334 1268 4.
1379 1238 1428 1262 Sed
1448 1237 1511 1262 lmnc
1523 1245 1632 1261 errorem
1639 1258 1649 1270 ,
1670 1236 1775 1269 itemque
1789 1237 1865 1263 alium
1884 1239 1923 1263 [Η.
1942 1239 2037 1265 Donati
2055 1242 2090 1265 ad
2101 1241 2230 1267 Ammian.

1165 1271 1181 1298 1.
1195 1280 1223 1304 19
1241 1278 1312 1297 notat
1325 1278 1349 1297 et
1363 1271 1462 1305 refutat
1477 1271 1592 1304 Gothofr.
1605 1274 1640 1297 acl
1651 1270 1803 1298 C.Theod.
1818 1273 1835 1299 l.
1846 1282 1867 1300 c.
1884 1273 1931 1306 l.4.
1967 1275 2033 1310 conf.
2053 1275 2231 1310 SidonAEpist.

776 1307 862 1334 Vrbes
888 1307 1023 1334 Claud.de
1037 1308 1101 1335 Bell.
1116 1314 1149 1338 30
1164 1316 1183 1341 ι,
1197 1316 1226 1334 11.
1248 1315 1271 1333 et
1285 1307 1426 1334 Zimmerm.
1442 1308 1561 1333 Attalea.
1575 1306 1683 1343 Menstr.
1698 1307 1779 1342 Mens.
1794 1317 1814 1342 1,
1827 1312 1866 1342 36.

1201 1349 1224 1369 N
1235 1350 1254 1369 V
1264 1350 1290 1369 M
1300 1349 1316 1370 E
1327 1349 1340 1369 S
1351 1350 1372 1370 T
1383 1349 1401 1369 R
1415 1349 1435 1372 Α
1446 1350 1467 1369 N
1479 1350 1503 1375 1,
1530 1350 1619 1369 orum.
1655 1351 1691 1369 m.
1728 1344 1770 1370 Pl.
1808 1345 1904 1379 Populi
1919 1345 2021 1379 Italiae,
2042 1346 2070 1372 in
2083 1346 2168 1373 tractu
2183 1347 2233 1374 Lu-

1164 1388 1310 1413 canorum,
1332 1378 1499 1412 Vrsentinis,
1519 1384 1545 1405 et
1559 1377 1727 1405 Volsentanis
1746 1381 1884 1415 proximi,
1902 1391 2004 1416 quorum
2021 1382 2133 1411 meminit
2165 1383 2233 1410 Plin.

1165 1424 1244 1449 3,11.

1202 1456 1306 1477 ΝνΜι
1317 1456 1335 1476 c
1347 1456 1429 1482 1vs,
1454 1449 1473 1476 i.
1509 1458 1546 1476 m.
1584 1450 1632 1475 Ad
1645 1458 1716 1484 quem
1729 1450 1832 1486 scripsit
1846 1451 1929 1480 .Hor.
1950 1453 2030 1488 Epist.
2051 1463 2077 1487 1,
2096 1455 2121 1480 6.
2194 1457 2234 1482 De

33 1485 159 1512 omnibus
179 1485 249 1511 sonis
268 1491 347 1520 atque
365 1485 489 1518 vocibus,
509 1485 583 1520 quod
604 1485 681 1511 habet
704 1486 829 1521 quasdam
849 1487 1046 1521 impreffiones,
1073 1491 1100 1512 et
1121 1492 1149 1518 35
1165 1486 1296 1513 Numicio
1313 1485 1452 1518 Thermo,
1471 1485 1528 1512 vid.
1542 1484 1634 1512 Tacit.
1651 1487 1720 1512 Ann.
1735 1489 1772 1520 16,
1786 1496 1828 1520 20,
1841 1496 1866 1514 2.

35 1520 107 1556 quod
120 1521 210 1547 metiri
224 1521 357 1555 possumus
372 1521 521 1548 interuallis
535 1521 697 1556 aequalibus.
853 1539 860 1541 κ

45 1574 47 1577 .
72 1562 211 1584 NVMER
222 1558 263 1583 68
274 1562 304 1584 E.
337 1556 404 1584 Adu.
441 1557 498 1584 Cic.
514 1557 546 1583 de
561 1558 635 1584 Orat.
650 1567 678 1591 3,
699 1565 737 1591 173
770 1558 802 1584 Et
816 1563 903 1584 tamen
918 1566 975 1584 eam
989 1556 1100 1584 coniun-

34 1590 153 1619 &ionem
172 1591 246 1619 sicuti
265 1593 388 1620 versuum
408 1593 549 1619 numerose
569 1593 661 1620 cadere
679 1599 704 1620 et
727 1593 856 1628 quadrare
875 1599 900 1620 et
919 1592 1012 1628 perfici
1024 1593 1102 1619 volu-

35 1635 112 1661 mus,
131 1635 160 1653 'vt
175 1628 304 1663 sentiatur
323 1638 437 1654 nurnerus
449 1629 580 1654 oratorias.
617 1630 667 1655 Sed
683 1631 717 1654 ad
734 1630 832 1662 musicos
853 1638 963 1655 numeros
979 1629 1100 1663 pertinet,

1205 1528 1227 1548 N
1238 1529 1259 1549 V
1268 1528 1294 1548 Μ
1304 1528 1313 1547 l
1323 1527 1340 1548 c
1352 1529 1361 1547 ι
1371 1528 1392 1547 V
1402 1527 1432 1553 S,
1453 1521 1473 1548 i.
1508 1530 1545 1548 m.
1583 1521 1733 1556 [Νομίκιος]
1768 1525 1859 1549 Amnis
1873 1523 1920 1558 est,
1940 1533 1986 1549 non
2000 1526 2073 1559 longe
2087 1536 2103 1552 a
2117 1526 2234 1561 Lauinio,

1163 1558 1208 1592 qui
1222 1565 1245 1583 et
1260 1557 1392 1583 Numicus
1405 1557 1508 1583 dicitur.
1580 1556 1714 1591 Corniger
1729 1558 1870 1585 Numicius
1899 1559 1980 1586 Ouid.
1992 1560 2057 1587 Fast.
2072 1571 2091 1594 3,
2104 1565 2164 1595 647.

1201 1600 1224 1619 N
1235 1599 1256 1618 V
1266 1599 1291 1619 M
1301 1593 1315 1619 ἷ
1326 1599 1344 1620 C
1356 1600 1377 1619 V
1388 1599 1402 1619 S
1415 1613 1423 1625 ,
1450 1593 1469 1618 i.
1508 1601 1544 1619 m.
1582 1592 1723 1628 [Ναμῖκος]
1762 1596 1852 1629 Ingens
1868 1594 1963 1629 fluuius
1977 1596 2036 1630 fuit
2056 1600 2084 1622 in
2096 1598 2184 1625 Latio:
2203 1601 2232 1624 in

1165 1637 1211 1663 quo
1225 1635 1348 1663 repertum
1362 1628 1394 1663 est
1413 1631 1525 1653 cadauer
1537 1630 1636 1653 Aeneae
1656 1635 1679 1654 et
1697 1628 1871 1662 consecratum.
1914 1631 1968 1657 Vicl.
1996 1632 2056 1658 Liu.
2076 1642 2100 1666 1,
2122 1642 2137 1659 2
2175 1634 2233 1660 Post

35 1665 102 1698 quod
115 1663 185 1689 dixit
220 1663 293 1690 Idem
309 1663 341 1690 de
354 1664 416 1692 Nat.
432 1665 516 1691 Deor.
530 1673 552 1698 2,
568 1672 597 1689 22
630 1664 703 1696 Q1id
723 1664 741 1690 si
754 1665 851 1698 platani
866 1664 984 1691 fidiculas
998 1664 1100 1690 ferrent
1113 1671 1151 1696 40
1166 1664 1303 1698 paullatim
1316 1663 1481 1695 decrescens,
1503 1663 1532 1688 in
1545 1663 1648 1689 fontem
1662 1663 1783 1690 redaeins
1796 1665 1844 1690 est:
1865 1665 1912 1699 qui
1927 1671 1953 1691 et
1965 1666 2020 1699 ipse
2033 1668 2137 1694 siccatus
2151 1669 2186 1695 est
2201 1670 2236 1695 sa-

35 1698 176 1725 numerose
189 1699 328 1726 sonantes?
401 1700 551 1737 Numerose
571 1705 596 1725 et
609 1705 668 1732 apte
687 1699 779 1725 cadens
793 1699 994 1733 comprehensio
1026 1698 1101 1725 Idem

35 1733 66 1760 in
79 1734 153 1761 Orat.
168 1739 210 1765 281
231 1744 252 1762 c.
267 1737 308 1761 62.
344 1735 458 1761 Add.ib.
478 1743 501 1760 c.
513 1737 552 1765 64·
625 1733 663 1760 Id.
682 1734 715 1760 de
733 1734 804 1760 Clar.
822 1735 897 1761 Orat.
911 1744 944 1768 54
965 1743 985 1760 c.
1000 1738 1013 1764 8
1044 1734 1100 1768 Ipsa

34 1774 128 1795 natura
145 1769 389 1803 circumscriptione
406 1767 518 1803 quadam
533 1767 679 1795 verborum
693 1769 896 1804 comprehendit
910 1768 1099 1804 concluditque

33 1803 203 1830 sententiam:
224 1812 291 1837 quae
306 1812 388 1837 quum
401 1803 468 1838 aptis
482 1803 621 1830 consti-ieta
637 1804 724 1831 verbis
737 1805 793 1837 est,-
808 1805 877 1831 cadit
890 1806 969 1832 etiam
984 1805 1100 1840 plerum-

30 1847 84 1873 que
96 1839 244 1865 numerose.

30 1874 98 1908 Apte
111 1879 138 1901 et
150 1874 292 1901 numerose
306 1873 394 1900 dicere
416 1875 455 1902 Id.
469 1884 498 1901 1η
513 1875 589 1902 Orat.
603 1882 654 1907 281.

31 1909 185 1937 orationem
204 1909 318 1936 fundere
347 1909 387 1937 Id.
401 1910 429 1938 in
446 1911 520 1937 Orat.
533 1920 585 1938 210.

33 1944 136 1980 siusque
148 1946 239 1972 onmia
251 1945 339 1972 dicere
370 1947 440 1974 Geli.
455 1954 483 1981 7,
503 1957 522 1980 3.

29 1982 134 2008 versare
159 1981 292 2015 Qunffil.
307 1990 352 2015 10,
366 1989 389 2016 5.

32 2016 66 2045 de
80 2017 139 2044 Deo
153 2017 230 2045 Socr.
239 2025 305 2045 extr.

65 2054 94 2079 ‘N
109 2059 129 2079 V
139 2060 248 2080 MERO
259 2060 271 2079 S
281 2051 292 2080 i'
303 2059 395 2086 TAS,
414 2053 472 2079 atis.
510 2053 530 2080 f.
567 2053 688 2080 Macrob.
701 2054 805 2080 Saturn.
819 2060 842 2085 ς,
858 2062 886 2079 10
920 2053 959 2079 Ad
975 2053 1100 2087 fignifica-

31 2088 136 2116 tionem
146 2088 340 2115 numerositatis
361 2088 527 2113 innumerae.
559 2089 577 2113 i.
598 2088 846 2123 Adfignificandum
860 2097 987 2113 numerum
1001 2088 1102 2113 immen-

27 2123 93 2160 sum.
149 2122 223 2150 Idem
240 2133 257 2157 1,
270 2131 308 2149 22.
347 2121 522 2155 Sidon.Epist.
536 2132 558 2155 7,
573 2132 594 2149 ε.
633 2123 710 2150 Oros.
725 2131 752 2156 4,
767 2130 789 2156 ς.
826 2130 851 2148 et
863 2123 983 2150 Tertull.
995 2123 1027 2150 de
1041 2124 1101 2150 Mo-

33 2168 96 2194 nog.
110 2168 132 2185 c.
141 2168 167 2192 4.
207 2158 343 2191 Augustin.
353 2158 384 2184 de
400 2158 493 2184 noenu
503 2157 601 2185 Christ.
609 2167 634 2192 2,
648 2169 680 2193 ¹4·

34 2201 144 2230 ptorum
160 2192 289 2221 verendus
317 2194 406 2220 Sidon.
421 2194 510 2220 Carm.
524 2202 561 2226 23,
576 2203 619 2223 ιςι.

71 2238 95 2257 Ν
108 2237 128 2257 v
141 2237 166 2257 M
177 2237 193 2257 E
203 2238 223 2257 R
232 2232 256 2257 A*
263 2237 280 2256 L
290 2237 300 2255 1
310 2236 339 2261 s,
359 2238 381 2254 e.
407 2229 466 2255 Adi.
492 2228 684 2262 [οἶμθμηι-ικδς]
706 2230 783 2265 Qod
792 2229 829 2254 ad
839 2237 965 2255 numerum
975 2229 1100 2263 pertinet:

34 2269 118 2299 vnde,
139 2265 292 2293 Numeralis
305 2264 412 2290 scientia
421 2284 430 2296 ,
447 2265 520 2305 Qae
534 2264 628 2290 tr-at‘lat
641 2266 671 2290 de
685 2264 808 2291 namet-im
824 2265 922 2293 'Graece
933 2265 1100 2291 Arithmetice

32 2302 136 2329 dicitur.
208 2301 366 2328 Numeralia
383 2300 508 2331 nomina,
532 2301 601 2334 apud
621 2299 816 2334 Grammaticos,
835 2300 933 2336 Qibus
952 2302 1052 2326 vtimur
1069 2300 1097 2325 in

35 2339 194 2364 numerando.
231 2335 367 2363 Onomast.
385 2341 436 2362 vet.
451 2335 607 2368 Numerale,
627 2334 789 2367 ἅραθμητικόν.

728 1877 879 1904 Numerose
899 1884 925 1903 et
940 1876 1101 1904 volubiliter

659 1913 773 1948 Compar.
800 1913 960 1940 DiffinCfius
974 1922 1101 1939 numero-

597 1948 694 1983 Superi.
727 1949 875 1975 Sententias
896 1949 1120 1976 numerosiffime

461 1983 586 2011 Familias
606 1984 812 2012 numerosislime
836 1994 990 2020 comparare
1022 1985 1100 2019 Apul.

737 2160 826 2186 Varro
840 2159 1028 2185 numerositate
1040 2159 1102 2185 scri·

38 2408 114 2442 pulus
126 2406 309 2440 numerabilis,
328 2408 347 2434 i.
367 2409 473 2439 paruus,
492 2407 613 2441 modicus,
630 2414 722 2442 pam-us
759 2406 866 2434 Hor.de
874 2408 938 2433 Arte
947 2408 1020 2433 Po‘et.
1036 2408 1098 2434 206.

39 2444 80 2469 lta
99 2445 231 2478 loquuntur
244 2444 343 2469 Graeci.
383 2443 503 2469 Τέται-νίν.
531 2442 572 2469 ἐιδ.
586 2451 610 2473 1,·
641 2445 708 2478 quod
718 2442 868 2478 inscribitur
884 2444 1001 2479 χάριτες,
1024 2447 1099 2470 Φίλων

38 2477 108 2511 ulique
122 2479 282 2512 ἅγγελὲοντας
319 2476 427 2513 τέκνοις,
444 2476 481 2508 ἥδ’
492 2477 630 2512 ἄλᾶχοιέην,
648 2478 784 2511 οέριθματὲς
797 2478 846 2505 dora*
859 2481 959 2506 πολλῶν.
995 2479 1098 2505 Monuit

36 2514 147 2540 Lambin.
166 2514 229 2547 confi
243 2513 344 2549 Cusaub.
353 2514 417 2541 Ler‘l.
427 2515 526 2541 Theocr.
538 2525 559 2541 c.
569 2524 605 2547 17·
621 2522 645 2541 et
655 2514 757 2542 Taubm.
770 2516 796 2540 in
807 2515 889 2541 Plaut.
904 2514 972 2542 Asin.
981 2524 1003 2548 2,
1011 2525 1035 2548 4,
1043 2523 1078 2548 91.

30 2585 125 2612 *metit-i.
197 2585 272 2620 Virg.
286 2586 338 2612 Ecl-
355 2594 382 2618 ς,
396 2595 427 2618 34
461 2586 557 2621 Bisque
575 2585 619 2613 die
637 2592 779 2612 numerant
794 2585 874 2613 ambo
887 2595 976 2620 pecus.
1049 2586 1097 2612 Per

35 2620 133 2656 digitos
147 2630 285 2648 numerare
311 2621 392 2648 Ouid.
408 2621 473 2648 Fast.
483 2630 504 2654 3,
518 2631 564 2652 123.
640 2623 804 2656 Argumenta
817 2621 834 2648 fi
848 2631 880 2648 ex
893 2622 946 2648 reis
962 2630 1098 2655 numeres,

34 2656 174 2684 innumera
185 2657 259 2684 sunt:
277 2657 295 2684 si
314 2666 346 2684 ex
361 2656 456 2690 rebus,
476 2657 582 2684 modica
615 2658 671 2684 Cic.
685 2657 716 2684 de
729 2658 804 2684 Orat.
826 2665 858 2691 2,
872 2665 921 2692 137.
993 2657 1096 2685 Imbres

34 2691 162 2720 hibernos
175 2692 251 2720 citius
265 2693 456 2720 numeraueris.
485 2695 503 2720 i.
519 2701 608 2729 guttas
621 2696 736 2720 cadentes
748 2694 824 2720 hieme
850 2694 910 2720 Stat.
919 2693 983 2720 Silu.
993 2704 1013 2726 3,
1021 2702 1043 2727 3,
1051 2701 1096 2728 97.

1118 2028 1150 2052 50
1165 2021 1235 2045 diHa
1253 2020 1286 2054 1st
1304 2030 1320 2045 a
1338 2020 1446 2045 dimone
1466 2019 1620 2049 Nomades,
1639 2027 1697 2051 quos
1716 2020 1819 2044 Romani
1840 2020 1971 2047 Numidas
1990 2022 2122 2057 appellant.

72 2380 95 2399 N
104 2376 126 2399 V
137 2379 162 2400 M
173 2379 189 2398 E
198 2379 218 2399 R
228 2378 249 2398 A
257 2378 273 2398 Β
284 2370 319 2399 iL
329 2378 360 2399 1S
368 2392 376 2405 ,
396 2381 418 2398 e.
439 2370 498 2398 Adi.
520 2368 690 2406 [α’ριθμητὲξ]
714 2372 791 2408 Qod
802 2370 933 2396 numerari
943 2369 1026 2406 potess-
1051 2371 1099 2397 Po-
1113 2377 1149 2402 60
1163 2336 1419 2400 {xsigginIZ-umidae
1445 2372 1523 2407 Virg.
1536 2373 1600 2399 Aen.
1616 2382 1629 2404 4
1637 2389 1646 2403 ‚
1660 2382 1696 2405 4¹·

1163 1700 1214 1726 cris
1235 1699 1397 1733 interceptis.
1460 1697 1555 1724 Vestae
1580 1697 1652 1723 enirn
1674 1707 1728 1725 non
1742 1699 1790 1725 nisi
1805 1700 1837 1726 de
1856 1699 1906 1726 hoc
1926 1701 2011 1728 fluuio
2030 1703 2109 1729 libari
2130 1704 2234 1731 licebat.

1165 1737 1234 1763 Haec
1249 1735 1357 1760 Seruius
1369 1735 1396 1759 in
1411 1732 1476 1759 illud
1489 1732 1564 1768 Virg.
1579 1734 1644 1759 Aen.
1657 1740 1684 1767 7,
1699 1743 1740 1764 ¹50
1765 1750 1812 1755 —-
1838 1735 1901 1762 haec
1917 1736 1999 1762 fontis
2013 1737 2099 1773 stagna
2114 1739 2235 1768 Numici.

1165 1772 1270 1798 Dicitur
1284 1777 1308 1796 et
1322 1769 1476 1796 Numicius.
1549 1769 1641 1795 Fontis
1662 1769 1727 1795 vada
1747 1770 1816 1797 sacra
1828 1771 1939 1798 Numici
1972 1773 2046 1800 Idem
2061 1773 2128 1801 ibid.
2143 1783 2169 1811 7,
2183 1785 2236 1807 242.

1166 1808 1228 1832 Sunt
1250 1807 1293 1841 qui
1310 1813 1397 1840 putent
1411 1808 1539 1841 Apocopen
1557 1804 1601 1839 effe
1618 1811 1664 1839 pro
1679 1804 1818 1840 Numicii,
1831 1806 1880 1841 sed
1900 1807 2047 1840 refelluntur
2066 1811 2108 1836 hoc
2126 1813 2236 1838 carmine

318 1838 523 1879 Circumscripte
537 1846 563 1866 et
576 1841 716 1867 numerose
731 1841 833 1867 dicitur
860 1841 898 1868 Id.
908 1841 1099 1869 i110rat.c.66.
1116 1848 1151 1875 43
1165 1842 1319 1869 SiliiItalici
1334 1848 1358 1875 8,
1374 1847 1416 1872 180
1455 1840 1533 1867 Haud
1553 1839 1646 1875 procul
1664 1840 1725 1867 hinc
1740 1851 1824 1876 paruo
1838 1842 1995 1871 descendens
2009 1845 2086 1873 fonte
2101 1847 2234 1874 Numicus

1164 1878 1284 1905 Labitur.
1358 1877 1435 1904 Litus
1456 1878 1558 1903 sacrum
1578 1876 1689 1903 Numici
1717 1878 1794 1912 Virg.
1810 1879 1874 1905 Aen.
1890 1889 1912 1913 7,
1927 1887 1987 1915 797.

1165 1914 1282 1949 nympha
1295 1913 1408 1941 Numici
1434 1912 1516 1940 Ouid.
1530 1912 1596 1939 Fast.
1607 1922 1629 1948 3,
1643 1915 1702 1948 647.
1751 1915 1817 1949 conf}

1166 1949 1290 1977 Brouckh.
1304 1952 1341 1976 ad
1358 1949 1458 1977 Tibul.
1472 1957 1497 1982 2,
1511 1959 1532 1981 ς,
1545 1956 1584 1980 45.

1204 1993 1226 2011 N
1239 1992 1259 2011 V
1268 1993 1294 2012 Μ
1303 1993 1312 2011 1
1322 1992 1342 2011 D
1353 1992 1363 2010 1
1374 1991 1413 2017 Α,
1434 1993 1472 2011 ae.
1509 1985 1529 2010 f.
1567 1981 1700 2017 [Νομάδων
1719 1982 1806 2018 κόρα]
1844 1986 1919 2019 Regio
1933 1987 1984 2012 late
1991 1994 2080 2022 patens·
2094 1989 2235 2023 inAfi·ica‚

1166 2055 1233 2080 Pliu.
1248 2062 1276 2085 ς,
1295 2063 1306 2085 3
1339 2053 1476 2079 Numidae
1493 2061 1560 2078 vero
1577 2052 1730 2086 Nomades,
1750 2062 1764 2079 a
1782 2056 1962 2089 permutandis
1982 2057 2098 2093 pabulis:
2119 2026 2234 2096 maliiallyig

1165 2090 1219 2122 sua,
1238 2088 1265 2114 id
1281 2088 1317 2115 est
1329 2088 1424 2115 domus
1440 2088 1560 2123 plaustris
1574 2087 1800 2116 circumferentes.

1206 2123 1396 2155 NVMfDA,
1428 2132 1467 2150 ac.
1505 2133 1541 2150 m.
1580 2124 1705 2158 [Νομεξς]
1746 2126 1800 2162 Qi
1819 2128 1965 2153 Numidiam
1985 2129 2081 2157 incolit.

1165 2161 1229 2186 Aen.
1250 2169 1280 2192 4,
1300 2170 1351 2201 535⁴
1371 2157 1577 2194 Numidsnnque
1601 2166 1688 2193 petam
1708 2161 1841 2187 connubia
1863 2162 1977 2197 supplex.

2061 1882 2159 1910 Placidi
2178 1885 2234 1910 sum

1839 1915 1904 1948 Met.
1920 1925 1958 1950 14,
1972 1922 2014 1948 328
2037 1924 2062 1944 et
2082 1926 2140 1953 599·
2176 1920 2236 1946 item

2155 2132 2233 2168 Virg.

2050 2166 2232 2195 Numidarum

1117 2202 1146 2229 55
1164 2205 1248 2222 nomen
1262 2197 1362 2222 Latims
1375 2205 1423 2221 mn
1443 2205 1479 2221 eos
1493 2203 1591 2221 tantum
1603 2195 1718 2229 populos,
1736 2197 1781 2230 qui
1801 2205 1894 2223 certam
1907 2199 2017 2233 Africae
2030 2207 2128 2236 partem
2142 2205 2232 2229 Numi-

1161 2231 1230 2257 diam
1243 2238 1356 2257 vocatam
1368 2237 1512 2262 tenum-unt,
1519 2230 1662 2264 fignificat,
1678 2239 1763 2256 verum
1775 2235 1857 2258 etian(
1864 2234 1926 2259 alios
1934 2237 2043 2270 pupulos,
2062 2238 2107 2271 qui
2118 2240 2233 2273 pei-uarii

1162 2274 1246 2292 erant.

1318 2267 1360 2291 Sic
1378 2266 1443 2291 enim
1455 2265 1599 2291 Vitrunius
1617 2270 1647 2296 8,
1666 2273 1676 2297 3
1697 2275 1721 2299 p.
1739 2269 1783 2293 160
1802 2269 1873 2295 Luet.
1893 2270 1989 2297 Arabes
2003 2280 2076 2298 vocat
2088 2272 2126 2299 his
2138 2276 2222 2301 verbis

1164 2302 1231 2328 Item
1246 2301 1345 2335 Ioppae
1357 2302 1385 2327 in
1401 2301 1492 2336 Syria,
1513 2299 1665 2335 Arabiaque
1679 2301 1876 2338 Numidarum,
1895 2304 1965 2332 lacus
1980 2307 2037 2333 sunt
2052 2308 2164 2336 immani
2178 2295 2232 2337 ma:

1354 2337 1461 2363 Turneb.
1498 2337 1564 2370 conf.
1577 2335 1643 2371 Lips.
1656 2337 1683 2362 in
1697 2338 1787 2365 Tacit.
1802 2339 1868 2366 Hist.
1881 2349 1903 2368 2.
1924 2350 1947 2367 et
1958 2343 2026 2370 Suet.
2041 2343 2144 2372 Neron.
2159 2356 2180 2373 c.
2190 2355 2231 2378 30.

1769 2374 1890 2403 Rebelles
1906 2377 2040 2406 Numidae
2067 2381 2149 2408 Ouid.
2165 2383 2232 2412 Met.

1165 2417 1290 2471 1511175111
1303 2451 1313 2470 1
1322 2450 1341 2470 D
1351 2441 1365 2470 i‘
1375 2449 1393 2470 c
1404 2450 1425 2470 v
1434 2450 1446 2470 s
1456 2464 1464 2477 ,
1490 2452 1521 2477 a,
1540 2453 1595 2471 um.
1632 2443 1693 2471 Adi.
1729 2445 1904 2483 [Nom-amic]
1939 2457 1985 2483 vt,
2006 2450 2084 2485 Lapis
2104 2452 2231 2480 Numidi-

1162 2481 1281 2542 cus,llq11i
1295 2481 1364 2506 inter
1374 2479 1494 2515 generosa
1508 2489 1635 2506 marmora
1654 2483 1842 2510 adnumeratur.
1881 2488 1908 2511 A
1922 2486 2030 2520 Papinio
2044 2487 2147 2521 Libycus
2159 2488 2230 2522 filex

1201 2527 1221 2542 κ’
1240 2524 1307 2543 atur.

74 2556 97 2576 N
107 2555 160 2576 VM
170 2547 188 2577 ἓ
196 2556 215 2576 R
226 2556 245 2577 O
255 2570 264 2583 ‚
292 2554 345 2576 iire.
382 2549 526 2585 [α’ριθμέω]
564 2552 614 2576 Per
628 2559 739 2576 numeros
755 2550 878 2585 recensere
891 2552 936 2576 vel
946 2550 1060 2586 colligere
1073 2556 1099 2575 et
1112 2555 1144 2587 65
1160 2524 1226 2579 ‚orig-e
1240 2550 1389 2579 Numidico
1397 2550 1484 2585 strata
1498 2558 1581 2579 eram.

1161 2587 1221 2615 Liu.
1250 2597 1266 2614 o
1292 2591 1316 2615 6.

1159 2597 1334 2652 Numidicam
1355 2622 1461 2656 dicunt,
1481 2623 1640 2658 Meleagridi
1658 2623 1766 2658 similis,
1793 2626 1841 2653 nisi
1859 2629 1932 2662 quod
1953 2629 2061 2656 rutilam
2081 2631 2182 2665 galeam
2201 2638 2228 2659 et

1160 2660 1265 2693 cristam
1281 2659 1366 2694 capite
1379 2659 1460 2694 gerit,
1481 2668 1548 2694 quae
1562 2666 1673 2694 vtraque
1686 2661 1745 2687 sunt
1758 2662 1785 2688 in
1800 2663 1963 2699 Meleagride
1977 2666 2104 2693 caerulea.

1159 2704 1221 2722 mor
1246 2695 1337 2722 Isidor.
1356 2696 1391 2728 16,
1408 2704 1432 2728 ς.

1348 2517 1378 2541 Et
1394 2516 1545 2542 Pauimema
1558 2516 1655 2542 Punica
1668 2526 1683 2542 a
1695 2518 1819 2544 veteribus
1839 2520 1991 2547 dicebantur.
2028 2523 2101 2559 Qae
2119 2534 2150 2550 ex
2162 2534 2230 2550 mar.

1405 2588 1413 2594 Ἰ
1454 2587 1459 2591 η
1655 2553 1724 2579 Aues
1742 2553 1841 2580 Lemma
1865 2556 1982 2584 Martial.
1998 2567 2036 2590 13,
2051 2568 2085 2590 73.
2157 2560 2229 2595 Equi

1391 2587 1496 2614 Gallina
1522 2587 1752 2621 c0111mel.3‚2,2.
1807 2590 1932 2619 Africana
1944 2593 1991 2627 est,
2011 2602 2090 2628 quam
2105 2595 2228 2631 plerique

2155 2669 2228 2695 Mar-

1488 2695 1564 2722 Scuta
1591 2695 1690 2723 Sallust.
1705 2698 1826 2731 Iugurth.
1839 2709 1861 2726 c.
1873 2709 1914 2733 94.
1970 2701 2147 2736 Numidicus,
2167 2706 2228 2730 Pro.

36 2728 176 2763 Tempora
192 2728 210 2755 si
224 2738 355 2764 numeres,
376 2728 443 2756 bene
457 2738 525 2765 quae
540 2738 709 2756 numeramus
722 2736 836 2757 amantes
863 2729 944 2757 Ouid.
953 2729 1031 2765 Epist.
1040 2737 1096 2764 2,7.
1109 2733 1145 2761 70
1154 2733 1240 2767 prium
1255 2732 1353 2758 honoris
1366 2740 1465 2765 nomen,
1485 2732 1523 2765 Q
1534 2732 1653 2759 Caecilio
1667 2733 1777 2760 Metello
1791 2736 1877 2761 datum
1894 2738 1921 2762 ob
1935 2747 1974 2763 res
1988 2738 2014 2762 ln
2027 2738 2159 2766 Numidia
2171 2749 2226 2765 con-

34 2763 194 2797 Numerare,
213 2761 342 2800 'Recensere
354 2766 449 2791 ordine.
525 2766 600 2800 Virg.
615 2766 714 2799 Georg.
729 2776 759 2799 4,
772 2773 820 2800 347
853 2767 928 2800 Aque
939 2766 1016 2793 Chao
1032 2765 1095 2792 den-

35 2800 76 2826 sos
87 2798 179 2827 diuum
191 2800 345 2827 numerabat
358 2809 472 2828 amores.
547 2802 588 2827 Sic
608 2802 664 2828 Cic.
678 2802 792 2837 Philipp.
807 2810 832 2834 2,
847 2812 857 2834 3
887 2802 968 2829 Multi
981 2808 1097 2837 praeter-

34 2844 65 2863 ea
77 2835 204 2878 improbi,
224 2845 290 2879 quos
305 2836 414 2872 quidem
427 2846 442 2864 a
459 2837 484 2864 se
496 2836 615 2873 primum
629 2846 772 2864 numerare
786 2838 904 2872 possunt,
925 2838 943 2864 ι’.
960 2838 988 2863 in
1002 2847 1095 2864 enume-

33 2874 122 2899 randis
134 2882 150 2898 ιι
157 2871 185 2908 se
198 2872 316 2908 incipere.
515 2870 537 2911 fl
560 2882 574 2899 2
616 2873 767 2900 Numerare
786 2874 941 2907 pecuniam,
957 2881 1004 2909 pro
1018 2875 1096 2900 Prae-

26 2907 125 2944 sentem
134 2908 262 2943 pecuniam
276 2911 344 2936 dare.

34 2943 212 2972 conseruatam
226 2950 349 2979 cuperet,
370 2945 510 2980 pecuniam
523 2946 675 2972 numerauit
692 2945 725 2972 de
739 2946 795 2973 suo.

33 2987 137 3016 merare
153 2979 287 3006 militibus
320 2981 378 3007 Cic.
399 2980 429 3007 in
448 2980 534 3008 Pison.
548 2987 576 3011 88
597 2990 618 3009 c.
630 2984 670 3014 36.

33 3015 88 3042 vid.
107 3022 130 3043 A
153 3017 196 3042 vel
213 3021 271 3043 AB.
345 3017 496 3044 Numerare
514 3016 610 3050 alicui,
623 3016 832 3053 subintelligitur,
853 3019 989 3044 Pecuniam
1012 3018 1095 3045 Plaut.

34 3050 105 3078 Afin.
119 3051 239 3078 Perioch.
252 3061 276 3083 4.
348 3052 404 3079 Cic.
420 3061 470 3087 pro
483 3052 578 3086 Q1int.
592 3058 616 3083 18
647 3052 695 3080 Sed
710 3053 810 3080 Romae
823 3053 963 3089 qnotidie,
981 3053 1095 3081 simulat-

35 3093 87 3119 que
98 3086 146 3113 sibi
158 3087 202 3114 hic
215 3086 360 3122 annuisset,
375 3094 578 3116 numeraturum
595 3090 619 3115 se
633 3088 743 3116 dicebat.

37 3124 154 3155 merare,
173 3130 218 3158 pro
237 3124 350 3158 Habere,
370 3132 395 3151 et
414 3124 519 3160 censere.
589 3125 647 3152 Cic.
669 3134 718 3160 pro
737 3126 812 3152 Rosc.
828 3125 918 3152 Amet.
932 3133 962 3161 37
983 3127 1023 3153 ,In
1043 3125 1095 3153 hoe

37 3159 128 3191 tanto,
145 3163 197 3184 tam
214 3159 317 3194 atroci,
337 3166 390 3187 tam
406 3160 531 3195 singulari
544 3160 694 3194 maleficio,
712 3161 783 3195 quod
804 3161 839 3188 ita
854 3171 916 3188 raro
929 3162 1045 3195 exstitit,
1064 3168 1093 3189 vt

38 3190 58 3218 si
71 3192 175 3225 quando
186 3194 302 3222 auditum
317 3195 361 3230 sit,
381 3196 497 3231 portenti
511 3205 540 3223 ac
554 3196 674 3232 prodigii
687 3197 770 3224 simile
782 3205 946 3224 numeretur.
1020 3197 1095 3224 Idem

36 3227 212 3297 Zia-ligioni&
236 3230 319 3266 Prope
332 3233 431 3267 collega
445 3232 620 3259 Timarchidi
639 3233 845 3267 numerabatur,
872 3234 889 3260 i.
911 3234 1054 3260 Habebatur
1070 3241 1094 3260 et

866 2946 1032 2981 Stipendium
1047 2955 1096 2972 nu-

743 2982 765 3008 A
778 2981 924 3015 Quaestore
943 2990 1096 3015 numerare,

62 3334 67 3338 .
91 3334 96 3338 Ι
151 3297 225 3325 Idem
237 3297 302 3328 ibid.
325 3303 466 3332 Libertatis
479 3312 568 3332 autem
581 3305 713 3340 originem
728 3304 790 3332 inde
801 3314 932 3332 numeres·
987 3305 1044 3333 Cic.
1060 3305 1092 3332 de

37 3333 127 3374 Finib-
139 3342 164 3373 ἃς,
179 3343 214 3365 90
232 3340 290 3364 ‘³28
315 3337 396 3372 quue
407 3340 550 3374 Socratem,
563 3341 609 3376 qui
624 3341 785 3376 voluptatem
799 3342 873 3368 nullo
888 3342 947 3368 loco
961 3347 1092 3374 numerat,

37 3369 120 3400 audio
132 3369 271 3397 dicentem.
341 3373 463 3409 Aliquem
479 3378 654 3404 accusatorem
675 3378 750 3403 suum
764 3385 907 3404 numerare
914 3398 923 3411 ,
944 3387 1000 3404 non
1022 3386 1092 3404 com-

37 3405 180 3441 petitorem
205 3404 278 3431 Idem
293 3415 341 3440 pro
353 3409 471 3438 Muraen.
483 3420 527 3445 49.
599 3413 748 3448 Sapientem
764 3415 788 3440 se
801 3418 827 3439 et
840 3413 899 3446 effe,
919 3419 945 3440 et
957 3412 1093 3440 numerari

37 3441 106 3468 velle
136 3441 175 3468 Id.
191 3441 263 3467 Fam.
278 3451 303 3474 1,
324 3451 347 3476 9.
370 3446 446 3482 *confi
460 3447 492 3474 ib,
513 3457 551 3478 12,
570 3456 594 3476 2.

36 3474 76 3504 Id.
90 3475 156 3503 ibid.
170 3487 193 3510 7,
207 3486 224 3502 1.
299 3478 451 3506 Proximum
467 3483 575 3517 optimis
594 3485 730 3512 numerari
762 3485 800 3512 Id.
816 3485 847 3512 de
860 3485 930 3512 Clar.
944 3485 1019 3512 Orat.
1034 3492 1093 3511 220.

934 3521 973 3548 Id.
988 3520 1018 3546 de
1032 3520 1091 3547 Fin.

9 3557 18 3586 ξ’
39 3556 62 3580 1,
72 3556 95 3580 31
121 3549 178 3575 cnr
191 3557 237 3575 nec
251 3549 370 3590 voluptas
384 3549 411 3575 in
424 3549 500 3578 bonis
513 3553 542 3580 sit
555 3557 725 3589 numeranda,
745 3567 793 3584 nec
808 3558 836 3584 in
851 3557 927 3584 malis
943 3556 1033 3588 dolor,
1044 3563 1092 3583 etc.

10 3611 11 3614 ,
39 3582 113 3610 Idem
125 3584 195 3611 Fam·
209 3592 235 3617 2,
248 3592 261 3617 5
293 3585 337 3611 Ne
351 3584 379 3611 ld
395 3585 467 3620 quod
481 3588 555 3622 petit,
572 3591 676 3627 exigere
692 3593 787 3628 magis,
805 3602 883 3628 quam
898 3601 1003 3627 rogare,
1023 3591 1090 3618 etin

9 3646 11 3660 A,
41 3619 166 3646 mercedis
179 3621 267 3654 potius
281 3630 360 3655 quam
379 3621 407 3647 in
421 3620 541 3648 beneficii
557 3624 615 3652 loeo
632 3637 771 3656 numerare
789 3629 921 3655 videatur.

10 3662 11 3666 ¹
41 3653 92 3680 mis
104 3653 171 3682 beati
186 3656 214 3682 in
228 3656 301 3683 Italia
315 3657 487 3684 Crotoniatae
503 3659 634 3691 quondam
647 3665 854 3691 numerabantur
878 3664 976 3691 Cic.de
988 3664 1091 3690 [nuent.

11 3733 12 3737 ¹
42 3724 132 3751 multis
145 3728 277 3754 numerari
308 3728 346 3756 Id.
360 3729 392 3756 de
406 3729 476 3755 Clar.
491 3729 566 3755 Orat.
581 3739 624 3762 33¹-

40 3696 69 3721 2,
81 3698 98 3715 1.
166 3691 270 3725 Sapiens
284 3692 331 3719 ille
345 3693 412 3723 Bias,
427 3693 474 3727 qui
488 3702 639 3723 numeratur
651 3698 678 3725 in
690 3700 794 3735 Septem
814 3701 858 3729 ld.
874 3700 962 3727 Parad.
977 3709 996 3726 1.
1059 3701 1090 3726 In

138 3759 143 3765 .
588 3765 593 3770 ⁵
610 3766 615 3770 .
692 3735 766 3763 Mors
786 3737 814 3763 in
836 3735 959 3763 beneficii
978 3740 1090 3770 partem,

42 3759 61 3787 si
75 3767 202 3787 cruciatus
215 3761 293 3797 absit,
311 3770 466 3792 numeretur
498 3764 534 3792 ld.
549 3765 661 3801 Philipp.
675 3777 708 3801 11,
723 3779 744 3803 3,

42 3804 103 3823 rum
116 3798 248 3824 numerari
277 3800 315 3827 Id.
330 3800 360 3827 de
375 3801 446 3827 Clar.
460 3801 534 3828 Orat.
550 3809 602 3834 331.

41 3830 193 3859 nestiffimns
207 3833 275 3861 inter
291 3836 350 3864 suos
364 3836 559 3865 numerabatur.

41 3875 73 3893 ex
90 3866 165 3893 Pont.
177 3876 212 3902 4,
226 3878 256 3902 9,
270 3878 305 3904 35.

41 3898 203 3937 Memorarc,
221 3913 248 3931 v.
262 3915 287 3932 v.

78 3945 101 3965 N
112 3945 193 3965 VME
204 3945 255 3967 RA
265 3947 287 3968 N
298 3948 346 3968 nv
358 3949 389 3977 s,
422 3952 453 3977 a,
484 3953 538 3973 nm.
554 3980 559 3985 ς
577 3943 670 3972 Panic.
707 3944 879 3985 [ἁριθμητεος]
917 3950 962 3978 Sil.
983 3956 1024 3986 ¹5,
1042 3956 1090 3984 730

42 3973 108 4002 Ante
121 3974 296 4040 omnis-Regno
310 3979 485 4042 1i1pperandus
500 3980 625 4009 Annlcar.

815 3774 845 3800 In
865 3772 946 3806 vulgo
966 3777 1091 3806 patrono-

631 3837 704 3864 Inter
721 3842 818 3869 amicos
837 3843 974 3870 numerari
1007 3843 1090 3870 Ouid.

502 3871 523 3910 q
545 3882 564 3906 4
599 3873 712 3899 Librarii
727 3878 872 3912 permiscent
893 3880 1045 3906 Numerare
1065 3884 1091 3906 et

1159 2776 1202 2794 tra
1216 2768 1363 2803 Iugurtham
1373 2770 1505 2802 praeclare
1514 2768 1605 2803 gestas.

1158 2804 1217 2830 item
1230 2803 1320 2830 Aurei.
1335 2803 1407 2830 Vitii.
1421 2803 1454 2830 de
1469 2804 1528 2831 Vir.
1542 2799 1623 2831 illust.
1638 2806 1678 2831 62.

417 2908 475 2936 Cic.
491 2909 543 2936 Att.
556 2911 594 2941 16,
608 2918 631 2935 12
651 2909 721 2944 (16)
759 2909 877 2943 Atticus,
895 2910 942 2944 qui
957 2910 1095 2936 ciuitatem
1109 2912 1142 2941 75

1172 3037 1180 3050 ,
1192 3028 1217 3046 2.

1158 3028 1281 3082 incertum
1294 3063 1376 3081 tamen
1391 3054 1423 3090 est

1154 3595 1230 3628 vulgo
1249 3594 1320 3620 hodie
1338 3600 1442 3619 vocatur
1457 3594 1573 3619 Moneta.

993 3629 1023 3654 In
1038 3627 1091 3662 pri·
1104 3629 1137 3655 95
1153 3630 1259 3662 dicitur,
1278 3629 1296 3655 ι’.
1309 3639 1325 3654 a
1339 3630 1405 3663 lege:
1425 3629 1494 3662 quia,
1509 3637 1582 3663 quum
1593 3626 1772 3661 permutatione
1784 3629 1825 3652 vti
1837 3628 1941 3654 homines
1949 3629 2067 3664 solerem,
2089 3633 2149 3663 lew,
2170 3641 2213 3656 nu-

1154 3665 1189 3690 mi
1201 3665 1259 3700 vsus
1271 3664 1425 3690 introduaus
1439 3663 1480 3699 essi,
1501 3672 1548 3688 non
1563 3669 1664 3695 natura,
1683 3662 1789 3698 Aristot.
1805 3664 1859 3689 eth.
1872 3671 1893 3695 5,
1906 3669 1929 3692 8,

1152 3702 1286 3735 deducunt,
1302 3701 1352 3725 alii
1364 3710 1379 3725 a
1393 3700 1482 3726 Numa
1496 3707 1562 3732 rege,
1574 3697 1619 3731 qui
1629 3700 1733 3732 primus,
1754 3698 1812 3734 teste
1825 3700 1917 3733 Suida,
1937 3710 1968 3726 ex
1981 3711 2040 3727 uere
2054 3710 2077 3729 et
2085 3703 2168 3735 ferra
2173 3702 2212 3731 fa-

1154 3736 1216 3762 Ham
1236 3742 1358 3762 monetam
1379 3735 1478 3770 donaffi
1491 3733 1607 3760 Romanis
1626 3733 1727 3760 dicitur.

1151 3772 1214 3806 plici
1232 3778 1257 3798 M
1273 3771 1355 3806 scribi
1369 3777 1480 3804 oportere
1487 3768 1584 3804 suadet.
1670 3799 1679 3804 .

672 3803 709 3830 Id·
722 3814 769 3839 pro
782 3808 858 3835 Rosc.
870 3809 958 3834 Amer.
975 3809 1001 3834 16
1034 3808 1090 3833 Ηο-
1098 3811 1145 3829 100
1154 3815 1233 3833 catam
1255 3814 1337 3833 tuetur
1357 3807 1457 3832 Manui.
1471 3812 1494 3830 et
1510 3805 1622 3838 Dausqu.
1642 3804 1669 3829 in
1684 3806 1801 3838 Orthogr.

1154 3844 1224 3869 editi.

1153 3878 1272 3914 reperire
1290 3877 1392 3912 argenti
1412 3884 1490 3909 queo.

1153 3914 1275 3941 diuitior.

1153 3951 1273 3982 tentiam,
1294 3948 1341 3983 qui
1355 3946 1463 3973 honesta
1475 3952 1500 3973 et
1512 3946 1584 3974 reeta
1597 3947 1783 3974 emolumentis
1798 3948 1922 3976 omnibus
1937 3955 1962 3975 et
1978 3945 2122 3973 commodi<
2137 3952 2205 3972 ante-

1095 3987 1139 4014 105
1152 3991 1292 4021 ponerent,
1311 3992 1343 4009 ne
1356 3991 1468 4009 numum
1481 3982 1590 4017 quidem
1604 3992 1686 4011 vnum
1699 3983 1830 4017 attigisset.

1649 2768 1705 2795 Vid.
1724 2769 1781 2796 Cic.
1796 2771 1874 2799 Verr.
1889 2774 1915 2806 6,
1927 2783 1942 2805 4
1954 2782 1976 2800 c.
1992 2781 2034 2808 ¹47
2055 2782 2080 2800 et
2100 2776 2225 2811 Att.1,16.

1195 2847 1216 2867 N
1227 2847 1280 2867 VM
1291 2847 1302 2867 1
1315 2846 1335 2866 D
1345 2846 1355 2866 1
1364 2841 1388 2866 Ᾰ
1397 2846 1418 2866 Ν
1428 2846 1450 2866 ν
1459 2846 1472 2866 s
1481 2860 1491 2874 ,
1522 2849 1552 2874 a,
1579 2849 1633 2867 um.
1677 2840 1777 2868 Poss'eff.
1807 2849 1853 2875 vt,
1884 2843 2051 2871 Nu111idiana
2076 2846 2136 2881 pira
2158 2847 2224 2874 Plin.

1158 2884 1199 2911 ις,
1221 2883 1255 2910 ις.

1199 2919 1221 2939 Ν
1232 2919 1253 2939 ν
1264 2919 1308 2939 Ml
1321 2917 1335 2938 s
1349 2918 1359 2938 1
1372 2918 1391 2938 V
1404 2917 1434 2947 S,
1466 2910 1484 2938 i.
1523 2920 1559 2938 m.
1598 2912 1692 2937 Nomen
1711 2912 1854 2939 Romanum.

1898 2917 1937 2941 De
1955 2916 2079 2943 Numisio
2101 2918 2177 2952 Lupo
2197 2923 2223 2945 et

1158 2948 1242 2981 Rufo,
1262 2949 1315 2975 vid.
1329 2947 1467 2974 Tacitum.
1505 2949 1545 2973 De
1558 2946 1682 2974 Numisio
1695 2947 1806 2974 Tirone
1837 2949 1892 2976 Cic.
1910 2951 2022 2988 Philipp.
2035 2963 2057 2987 ι’,
2066 2960 2087 2982 8.
2102 2962 2125 2979 ct
2142 2964 2172 2986 12,
2189 2961 2223 2985 ¹4.

1195 2991 1217 3011 N
1226 2991 1246 3010 V
1256 2991 1281 3011 Μ
1291 2991 1301 3010 1
1313 2990 1327 3010 S
1338 2990 1378 3010 1Α
1389 2990 1410 3009 Ν
1423 2989 1445 3009 Α
1466 2983 1540 3015 vitis,
1560 2990 1583 3008 et
1599 2982 1768 3010 Numisianae
1787 2994 1863 3019 vuae,
1878 2987 1996 3022 leguntur
2007 2994 2074 3023 apud
2089 2989 2224 3016 Columel.

1290 3021 1351 3046 Item
1364 3028 1388 3045 ¹2
1397 3039 1405 3051 ,
1420 3029 1446 3051 43
1482 3018 1579 3055 Quibus
1593 3019 1620 3044 in
1633 3019 1692 3045 locis
1704 3020 1806 3053 quielam
1820 3023 1951 3057 legendum
1960 3031 2052 3058 putant
2066 3024 2222 3051 Nursiauas:

1423 3077 1432 3088 ‚
1450 3061 1474 3080 et
1492 3056 1556 3089 quid
1564 3061 1611 3090 per
1624 3054 1803 3091 Numisianas,
1821 3065 1845 3084 et
1859 3059 1923 3093 quid
1931 3065 1980 3094 per
1992 3059 2132 3086 Nursianas
2153 3060 2221 3087 vites

945 3088 966 3128 ff
987 3099 999 3122 3
1038 3090 1095 3117 Nu·
1111 3091 1279 3127 80stgnificet
1294 3090 1453 3117 Columella.

1194 3133 1406 3159 ΝνΜιςΜΑ,
1425 3126 1478 3152 vid.
1501 3132 1654 3153 NVMvs.

1192 3171 1215 3190 N
1224 3170 1244 3188 V
1255 3169 1279 3188 M
1290 3161 1301 3189 ἴ
1310 3168 1331 3188 Τ
1343 3168 1363 3188 0
1375 3168 1394 3190 R
1404 3182 1412 3195 ,
1433 3162 1497 3188 bris.
1534 3171 1570 3188 111.
1598 3161 1752 3198 [Νσμιῖτωρ]
1779 3164 1857 3189 Filius
1869 3165 1963 3190 Procae
1976 3165 2130 3191 Albanorum
2142 3171 2220 3204 regit,

1157 3206 1181 3225 et
1195 3199 1293 3225 Amulii
1300 3197 1405 3231 frater:
1426 3198 1517 3224 Rheam
1531 3199 1636 3224 Siluiam
1643 3200 1727 3234 filiam
1740 3200 1841 3231 habuit,
1862 3209 1935 3234 quam
1948 3202 2065 3226 Amulius
2079 3202 2148 3237 pulso
2164 3205 2219 3230 Nu-

1156 3234 1356 3267 mitorefintre,
1378 3233 1494 3270 Vestalem
1507 3235 1724 3269 uliginem-fecit,
1745 3244 1775 3260 ne
1787 3236 1885 3260 tandem
1895 3234 1998 3270 subolem
2019 3237 2133 3270 haberet,
2154 3249 2218 3273 quae

253 3265 289 3292 Vt
306 3266 376 3294 haud
389 3268 526 3296 immerito
539 3278 632 3295 omnes
651 3268 803 3295 conditores
825 3275 1001 3296 munerentur
1031 3270 1092 3296 Liu.
1110 3272 1138 3301 85
1152 3276 1269 3305 patruum
1283 3269 1452 3305 vltil'mretur.

1155 3312 1181 3332 et
1196 3306 1341 3339 Numitor,
1361 3312 1387 3332 et
1407 3306 1454 3339 qui
1470 3312 1496 3332 te
1509 3306 1619 3332 nomine
1634 3305 1723 3332 reddet
1760 3305 1858 3332 Siluius
1874 3308 1982 3333 Aeneas.

1155 3352 1179 3374 4,
1196 3351 1219 3373 53
1251 3342 1338 3375 Quem
1354 3342 1471 3376 sequitur
1485 3341 1538 3368 diri
1553 3341 1682 3368 Numitor
1693 3350 1831 3376 germanus
1846 3340 1944 3368 Amuli.

1156 3384 1210 3410 tor,
1231 3377 1399 3413 Fregellanus
1415 3378 1548 3412 proditor,
1567 3377 1637 3403 cuius
1649 3378 1761 3403 meminit
1784 3377 1839 3404 Cic.
1853 3377 1884 3403 de
1897 3377 1956 3404 Fin.
1972 3385 1995 3412 ς,
2009 3382 2050 3406 62.

1495 3272 1551 3297 Vid.
1573 3271 1631 3296 Liu.
1650 3280 1656 3296 1
1671 3277 1711 3304 pr.
1785 3270 1861 3305 Virg.
1876 3271 1939 3297 Aen.
1956 3273 1980 3304 6,
1993 3274 2041 3306 768
2078 3273 2108 3299 Et
2122 3274 2218 3309 Capys,

2055 3308 2136 3335 Ouid.
2152 3311 2217 3338 Fau.

2018 3343 2104 3371 Pullus
2121 3346 2217 3373 Numi-

2101 3383 2217 3416 Obliquas

1155 3414 1226 3439 huius
1240 3414 1345 3440 nominis
1361 3414 1526 3449 corripiendos
1544 3419 1663 3449 apparet,
1683 3413 1743 3448 quia
1763 3413 1912 3440 Plutarchus
1933 3414 2073 3449 Νομιῖτοςος
2092 3423 2117 3443 et
2136 3417 2215 3451 Νσμῆ-

675 3450 718 3476 Me
740 3456 852 3483 vterque
872 3456 993 3476 numerat
1011 3449 1093 3475 Suum
1108 3452 1144 3477 90
1155 3461 1214 3483 τοςα
1227 3449 1317 3476 scribit
1332 3457 1375 3476 etc.

1192 3491 1215 3511 N
1225 3492 1298 3513 VM1
1312 3491 1333 3512 T
1347 3492 1367 3512 ο
1379 3492 1397 3512 R
1408 3493 1418 3512 1
1428 3492 1448 3511 v
1460 3491 1473 3511 S
1482 3505 1490 3518 ,
1517 3485 1537 3512 i.
1574 3494 1610 3511 m.
1648 3485 1741 3510 Nomen
1762 3484 1903 3511 Romanum.

1982 3486 2037 3514 Vid.
2065 3488 2121 3514 Cic.
2135 3490 2212 3517 Verr.

1154 3530 1178 3554 5,
1192 3523 1230 3554 63.
1263 3521 1295 3548 de
1309 3522 1412 3548 Inuent.
1425 3530 1449 3554 2,
1464 3529 1515 3551 105-
1535 3528 1558 3546 et
1572 3520 1684 3559 Philipp.
1699 3528 1721 3551 3,
1736 3526 1772 3553 17.

1193 3564 1346 3591 NVMVS,
1366 3558 1409 3583 vel
1430 3563 1626 3589 NVMMVS,
1647 3563 1665 3581 1.
1702 3563 1736 3582 m.
1773 3552 1908 3590 [vesum-ua,
1927 3556 2057 3594 α’ρ-μόρων]
2095 3569 2132 3595 ea,
2152 3568 2214 3594 quae

1616 3591 1720 3617 Numus
1740 3598 1835 3622 autem,
1855 3600 1884 3617 vt
1904 3591 2021 3627 νόμισμα,
2039 3597 2086 3621 cin-o
2106 3600 2137 3623 τέ
2158 3601 2213 3627 vous

1987 3667 2047 3691 Alii
2059 3677 2075 3691 a
2090 3667 2212 3693 Numero

1765 3736 1861 3759 Harum
1880 3737 1981 3769 quaeuis
2000 3737 2068 3771 origro
2088 3747 2138 3762 cum
2151 3737 2210 3769 sim-

1628 3769 1758 3801 Vulqarem
1777 3768 1848 3805 psum
1860 3771 2007 3805 scriptionis
2022 3779 2067 3807 per
2087 3779 2111 3798 M
2129 3771 2209 3804 dupli-

1859 3807 1908 3831 Sed
1926 3807 2031 3832 variant
2051 3815 2128 3832 tamen
2149 3804 2210 3829 libri

1298 3842 1376 3869 Plaut.
1393 3839 1480 3867 Pseud.
1494 3848 1519 3872 1,
1540 3848 1567 3872 3,
1587 3842 1616 3874 65
1648 3840 1738 3866 Nimis
1757 3841 1811 3867 sum
1833 3841 1929 3874 miser,
1948 3852 2058 3868 numum
2080 3848 2208 3874 nusquam

1577 3875 1646 3903 Ibid.
1661 3885 1689 3908 5,
1702 3874 1734 3911 ἱ,
1749 3886 1776 3907 ²4
1809 3877 1879 3903 Hinc
1900 3887 2033 3912 nunquam
2053 3877 2103 3901 eris
2124 3884 2206 3901 numo

1348 3913 1404 3938 Cic.
1417 3911 1448 3936 de
1461 3909 1548 3937 Finib.
1562 3921 1583 3944 2,
1597 3921 1625 3943 55
1644 3921 1665 3938 c.
1680 3920 1706 3945 ¹7
1739 3912 1814 3938 Vnde
1828 3912 1844 3938 si
1860 3914 1959 3939 secutus
1973 3914 2030 3939 essct
2045 3919 2136 3936 eornm
2153 3911 2205 3936 sen-

1991 3979 2012 4016 ἦ
2031 3989 2043 4006 2
2075 3982 2189 4016 Epitheta
2196 3991 2204 4005 :

1308 4019 1364 4052 (λιι
1379 4027 1395 4053 ‘i
2147 4016 2203 4042 cic.
