2517 4231
231 202 305 243 459
642 185 688 228 N
743 183 888 226 ΟΜ

231 287 256 306 ee
268 278 450 314 designationes
464 285 497 304 ae
507 275 638 314 suffragia
654 277 771 312 pertinet.
843 273 911 301 Plin.
929 270 1008 306 Epist.
1030 279 1061 300 a.
1076 273 1093 300 8
1123 267 1207 309 ,Mihi
1225 274 1293 308 vero

231 315 311 342 ctiam
328 313 392 340 illud
407 314 584 349 gratulatione
597 313 707 348 dignum
722 311 845 342 videtur,
865 307 937 342 quod
953 306 1064 346 succellit
1078 304 1151 332 Iulio
1164 305 1295 344 Frontino

231 350 348 385 principi
362 350 440 383 viro,
459 350 506 384 qui
520 358 563 376 me
571 348 762 376 nominationis
778 346 831 375 die,
850 352 898 378 per
910 343 960 369 hos
973 347 1115 368 contin-uos
1127 349 1211 368 annos
1224 347 1296 380 inter

231 386 377 413 sacerdotes
390 385 561 415 nominabat,
587 391 710 417 tanquam
722 383 750 408 in
765 382 853 407 locum
867 380 943 405 suum
957 384 1103 413 cooptaret.
1163 377 1296 404 Nomina-

233 422 316 449 tionis
330 421 390 455 die,
421 416 441 448 1².
463 421 591 456 Prinprio
609 420 685 451 anni,
704 417 800 443 auffert
812 415 932 447 Tacito,
956 423 1001 449 quo
1009 414 1148 448 sacerdotes
1157 413 1240 448 solent
1254 420 1294 437 no·
1317 417 1332 442 ς

233 458 329 484 minare
337 478 346 491 ,
366 467 425 492 quor
436 455 585 492 digniffimos
592 456 636 490 suo
642 452 780 489 sacerdotio
793 451 912 477 iudicent.
985 450 1042 477 Cic.
1052 449 1148 484 Philip.
1158 457 1193 482 13,
1211 456 1237 475 ¹2
1249 457 1271 474 c.
1280 453 1293 479 ς

233 495 264 522 tn
279 503 334 528 quo
347 502 398 529 ego
410 502 471 520 eum
482 513 490 526 ,
511 499 538 519 vt
554 490 625 525 quod
639 498 653 516 a
666 494 738 523 patre
752 486 856 521 accepi,
876 486 935 512 filio
947 485 1073 519 reddam,
1101 493 1160 512 mea
1173 484 1295 511 nomina-

233 530 307 557 tione
320 529 462 564 cooptabo.
534 525 694 554 Nominatio
708 523 846 550 consulum
873 522 964 550 Tacit.
980 523 1050 549 Ann.
1062 523 1089 554 6,
1102 530 1147 554 45,
1160 532 1190 561 4..
1246 520 1293 547 Fa-

233 574 293 593 cere
305 564 519 593 nominationem
549 561 666 593 Liu.26‚
685 569 711 592 23
731 566 795 586 extr.
953 555 976 596 q
997 567 1013 585 2
1049 557 1228 590 Nominatio‚
1256 555 1295 581 Fi.

201 607 207 611 ⁵
229 611 297 637 gnra
309 603 447 631 rhetorum,
466 601 496 625 de
508 607 557 631 qua
573 596 677 623 Auctor
690 595 723 622 ad
737 595 856 621 Herenn.
869 604 894 629 4,
907 603 940 628 43
975 593 1137 622 Nominatio
1149 592 1184 618 est
1199 591 1295 626 prima,
1311 596 1341 615 ¹0
1357 593 1466 620 Phorm-
1483 603 1501 626 1,
1515 603 1545 626 2,
1558 602 1577 627 4
1603 594 1673 621 Amo
1685 601 1728 630 te,
1752 604 1780 625 et
1793 606 1848 625 non
1861 597 2001 632 neglexisse
2013 595 2102 622 habco
2116 596 2236 630 gratiam.

234 638 333 672 inquit,
342 663 343 666 ,
353 645 418 671 quae
431 643 478 661 nos
492 633 633 665 admonet,
652 638 680 658 vt
693 631 737 657 cui
750 631 790 658 rei
802 640 902 658 nomen
913 635 959 657 aut
974 639 1028 657 non
1041 629 1079 662 sit,
1101 634 1146 655 aut
1160 628 1220 655 satis
1236 628 1294 654 ido-

234 682 313 701 neum
328 682 382 699 non
397 671 441 702 lit,
461 677 519 696 eam
532 669 635 695 nosmet
648 667 747 695 idoneo
759 666 845 694 verbo
858 667 1044 699 nominemus,
1065 670 1110 692 aut
1126 664 1296 697 imitationis,

229 716 275 736 aut
293 705 490 742 significationis
502 705 584 731 causa.

272 752 293 771 N
309 750 328 769 o
339 750 363 769 m
376 749 385 768 1
399 747 419 766 N
431 742 452 768 Ᾱ
463 746 485 767 Τ
499 746 518 767 o
530 747 548 767 R
559 761 569 775 ‚
589 739 654 768 oris.
681 749 718 768 m.
761 740 822 776 le.
836 739 896 775 Dig.
910 746 945 775 27
964 738 1005 766 tit.
1017 743 1032 768 8
1064 736 1104 764 De
1114 735 1294 765 nominatori-

233 781 281 807 bus
293 777 500 812 magistratuum.
567 800 570 802 .

270 820 322 841 No
336 818 413 840 MIN
427 810 582 846 Arims,
602 821 626 839 e.
669 812 730 840 Adi.
775 812 908 840 Ammian.
921 817 960 844 28,
974 818 1002 844 4.

268 856 291 877 N
302 857 321 876 o
334 856 357 875 M
367 857 377 875 1
386 855 408 875 N
418 850 441 876 A
451 855 468 875 1.
477 856 487 874 1
497 855 509 875 s
518 869 527 882 ,
546 858 570 875 e.
607 848 667 876 Adi.
705 850 780 886 Qod
791 850 827 875 ad
836 848 935 873 nomina
943 846 1061 879 pertinet.
1099 844 1178 871 Varr.
1186 842 1218 870 de
1226 843 1255 870 L.
1263 843 1294 869 L.

232 896 254 920 7,
267 895 279 913 2
313 886 349 911 Vt
363 884 435 911 enim
455 884 488 911 ab
506 884 624 912 Aemilio
645 885 767 912 homines
782 885 836 911 orti
851 882 975 915 Aemilii,
998 890 1028 908 ac
1047 880 1173 918 gentiles
1210 878 1244 906 sic
1262 877 1295 904 ab

230 920 341 949 Aemilii
353 921 464 947 nomine
479 920 623 948 declinatae
636 930 715 948 voces
728 921 755 946 in
770 919 917 954 gentilitate
932 917 1073 944 nominati.

1312 776 1338 800 ¹5

229 994 279 1021 effe
291 993 500 1020 consenserimus
516 991 598 1027 vieti,
623 998 649 1019 et
669 992 793 1019 vniucrsa
812 990 854 1018 his
869 991 966 1017 scatere
983 988 1157 1017 nominaliter
1170 992 1293 1013 annueri-

230 1038 288 1056 mus
303 1029 434 1062 humana,
454 1029 628 1062 consequetur
640 1034 684 1061 vt,
704 1035 748 1055 etc.

266 1072 289 1094 N
299 1071 320 1092 Ο
330 1072 372 1092 Mi
382 1072 404 1092 N
415 1072 436 1092 A
447 1071 463 1090 1.
472 1071 482 1090 1
492 1070 513 1090 A
523 1085 531 1098 ‚
551 1072 604 1090 um.
626 1073 652 1090 n.
673 1063 709 1098 pl.
750 1064 853 1098 Tempus
854 1062 968 1098 soHemne
977 1071 1023 1097 quo
1036 1069 1112 1098 puero
1124 1058 1293 1094 imponebatur

228 1111 322 1128 nomen.
361 1102 420 1127 Vet.
435 1100 515 1127 Gloss'.
528 1099 696 1133 Nmninalia,
721 1099 891 1132 ὄνοματοοεσίι.
961 1098 1081 1127 Tertull.
1095 1097 1127 1123 de
1140 1095 1209 1123 Idol.
1229 1103 1251 1120 c.
1266 1094 1294 1120 16

230 1138 309 1164 Circa
323 1136 410 1163 officia
424 1136 587 1171 priuatarum
596 1142 621 1162 et
635 1136 818 1162 communium
831 1135 1055 1167 sollemnitatum,
1072 1139 1101 1160 vt
1113 1139 1189 1167 togae
1197 1138 1295 1169 purae,
1309 1135 1339 1160 25

229 1179 259 1201 vt
272 1173 442 1207 sponsalium,
460 1178 489 1199 vt
503 1172 662 1206 nuptialium
671 1192 680 1204 ‚
696 1179 725 1198 vt
738 1171 925 1198 nominalium.
968 1173 1024 1197 Vid.
1039 1170 1132 1204 Scalig.
1146 1169 1181 1194 ad
1191 1166 1256 1193 Fes't.
1266 1174 1295 1192 m

229 1209 363 1237 Lustricus
377 1208 441 1234 dies.
478 1214 502 1234 et
515 1208 611 1235 Auson.
626 1207 687 1234 Lea.
701 1217 730 1240 2,
745 1216 778 1234 21.
810 1208 853 1233 vel
866 1206 968 1242 Casaub.
980 1208 1008 1232 in
1022 1206 1089 1233 Pers.
1104 1213 1147 1238 2,2
1168 1213 1194 1238 p.
1208 1209 1258 1234 148.

266 1251 293 1272 M
302 1251 320 1272 O
329 1252 354 1271 M
363 1252 373 1271 1
384 1251 405 1270 N
418 1251 440 1271 A
448 1250 469 1270 T
481 1245 523 1270 fv
533 1249 554 1269 V
564 1250 588 1277 s,
602 1253 616 1270 a
624 1264 632 1277 ‚
647 1252 701 1270 um.
715 1242 776 1270 Adi.
796 1250 836 1275 vt,
846 1242 1037 1269 Nominatiuus
1045 1242 1116 1268 casus
1135 1238 1298 1275 [δυομαςικὸς]

226 1280 433 1307 *aGrammaticis
447 1279 555 1313 dicitur,
575 1281 641 1314 quod
651 1279 772 1306 nominat
786 1288 851 1304 rem.-
887 1286 912 1304 et
919 1280 1022 1314 ReHux,
1041 1279 1108 1312 quod
1118 1286 1134 1302 a
1147 1274 1210 1301 nullu
1219 1274 1296 1301 cadit.

230 1318 293 1345 Vid.
307 1317 412 1343 Petron.
426 1316 529 1350 Fragm.
543 1315 612 1351 apud
626 1316 715 1342 Burm.
728 1316 816 1349 p.688.
871 1314 1035 1347 Quine’filff,
1043 1323 1068 1347 9,
1083 1321 1115 1345 ¹3-
1168 1311 1239 1347 Qin
1246 1311 1296 1335 iam
1311 1319 1343 1343 30

224 1352 264 1386 fic
278 1354 366 1379 Varro
378 1351 410 1379 de
424 1352 453 1378 L.
468 1352 497 1379 L.
511 1360 545 1386 9,
560 1361 568 1378 1
587 1361 611 1386 p.
626 1359 684 1385 130,
704 1359 735 1376 20
771 1350 852 1376 Casus
871 1349 1029 1376 nominandi
1043 1349 1085 1376 vel
1094 1347 1298 1375 Nominatiuus.

231 1388 443 1421 Nominatiuus,
460 1394 506 1422 pro
519 1389 632 1414 Nomine.
706 1387 795 1412 Varro
809 1384 841 1411 de
858 1385 889 1411 L.
898 1385 928 1411 L.
943 1392 976 1420 7,
992 1395 1037 1421 29,
1051 1394 1077 1418 35
1104 1385 1223 1411 Primum
1237 1382 1254 1409 si
1270 1382 1298 1408 in

231 1424 274 1451 his
288 1425 349 1451 esl'et
362 1424 494 1457 analogia,
513 1423 604 1450 dicunt
617 1422 732 1449 debuill'e
746 1420 1052 1454 omnesNominatiuos,
1072 1426 1098 1447 et
1107 1419 1240 1445 Articulos
1254 1418 1299 1444 ha-

232 1459 297 1487 bere
310 1460 421 1486 totidem
436 1460 530 1487 Casus:
568 1467 637 1485 nunc
656 1458 723 1485 alios
737 1456 835 1483 habere
847 1465 930 1482 vnum
943 1456 1045 1491 solum,
1071 1460 1100 1483 Vt
1113 1455 1202 1482 literas
1216 1455 1300 1489 fingu-

230 1495 268 1523 las
283 1505 390 1522 omnes:
429 1495 496 1522 alios
511 1501 579 1528 tres,
598 1501 626 1521 vt
640 1494 795 1529 praedium,
816 1491 936 1528 praedii,
956 1492 1067 1527 praedio
1077 1512 1086 1526 ‚
1111 1497 1160 1518 etc.

269 1538 292 1559 N
303 1536 323 1558 0
333 1537 409 1559 MIN
421 1529 464 1557 i‘T
478 1538 498 1557 O
509 1551 517 1563 ,
537 1535 591 1556 Ere.
628 1531 797 1564 Frequental.
854 1529 961 1555 Lucret.
976 1537 997 1561 3,
1016 1537 1061 1561 353

390 1566 472 1599 Quod
491 1565 621 1600 superest,
640 1565 658 1591 fi
680 1565 857 1599 quis-corpus
883 1564 981 1591 sentire
997 1569 1120 1597 renutat,

390 1604 478 1636 Atque
496 1602 613 1628 animam
635 1600 719 1628 credit
739 1600 892 1635 permistam
913 1608 1027 1635 corpore
1047 1607 1123 1634 toto,

391 1638 526 1673 Suscipere
551 1637 621 1665 hunc
647 1638 769 1671 motum,
795 1645 875 1672 quern
894 1636 998 1663 sensum
1018 1636 1220 1663 nominitamus.

231 1674 306 1703 Idem
320 1677 351 1708 6,
372 1683 424 1708 423.

270 1715 630 1742 NOM1N1TANDVS‚
650 1719 682 1744 a,
701 1719 756 1738 uin.

232 1745 338 1773 Lucrct.
351 1757 376 1779 4,
396 1752 433 1777 48.

270 1788 408 1808 NOMIN
420 1788 597 1814 1TATvs,
616 1790 647 1814 a,
665 1790 721 1808 11111.
760 1782 828 1809 Part.

235 1818 306 1844 Vina
319 1816 506 1843 Philematium
520 1819 583 1849 sum}
590 1817 698 1843 Aurelia
719 1817 887 1843 nominitata.

273 1860 296 1881 N
306 1860 325 1880 O
335 1859 360 1879 M
368 1859 385 1880 E
393 1861 416 1880 N
426 1859 444 1880 c
457 1859 474 1879 L
485 1858 505 1878 o
513 1873 522 1886 ,
550 1856 603 1878 are.
664 1853 780 1884 Verbum,
807 1859 836 1878 vt
848 1853 967 1884 videtur,
991 1852 1138 1888 antiquum,
1156 1850 1221 1878 idem
1236 1850 1304 1886 quod
1316 1852 1346 1878 45

235 1889 382 1917 Nomine:
419 1899 448 1915 cx
467 1887 640 1915 Nomenculo
659 1888 819 1915 contr-allum.

272 1925 623 1957 NOMENCLA‘TOR‚
642 1924 708 1950 oris.
742 1933 777 1951 m.

1317 1496 1343 1520 35

795 1708 916 1737 Gerund.
954 1710 1054 1737 Cortex
1066 1706 1252 1737 nominitanda
1265 1706 1302 1733 est

887 1782 991 1809 Ferret.
1027 1782 1096 1808 Mus.
1108 1779 1202 1816 Lapid.
1216 1789 1241 1815 p.
1258 1783 1299 1814 ¹58

836 1922 1051 1958 [ὄναματοκλῆτωρ
1066 1923 1147 1950 Gloss-
1163 1922 1210 1949 Gr.
1223 1923 1302 1958 Lab]

241 1962 287 1988 Vel
297 1967 328 1987 vt
341 1961 486 1995 quibusdam
494 1961 593 1994 placet,
615 1965 637 1985 N
648 1965 668 1986 0
679 1966 705 1985 M
715 1966 732 1986 E
741 1966 763 1985 N
775 1966 793 1987 C
804 1966 849 1987 VL
859 1967 879 1985 Α
892 1966 914 1986 Τ
929 1966 949 1986 0
960 1967 978 1986 R
989 1980 998 1992 ,
1023 1961 1054 1985 ab
1067 1959 1168 1994 obsoleto
1180 1959 1301 1985 Nomen-

234 1997 338 2030 tulare,
358 1997 409 2028 vel,
428 2003 457 2020 vt
470 1995 519 2020 alii
526 2012 534 2024 ‚
558 2004 575 2020 a
588 1994 709 2021 Nomine
722 1995 849 2027 calando,
869 1996 900 2021 id
911 1995 946 2031 est
958 1997 1085 2027 vocando,
1110 1995 1183 2028 quasi
1196 1994 1302 2020 nominis

233 2032 347 2063 calator,
366 2031 410 2065 qui
422 2029 561 2055 memoriter
576 2037 770 2062 ‘unumquemque
782 2037 871 2054 vocare
883 2030 985 2055 didicit.
1041 2030 1098 2055 Cic.
1113 2031 1168 2055 Att.
1181 2038 1209 2061 4,
1224 2039 1233 2054 1
1264 2028 1304 2053 Ad
1316 2033 1349 2054 50

233 2066 327 2093 vrbem
343 2066 379 2092 ita
394 2064 472 2097 veni,
498 2069 526 2090 vt
539 2071 620 2090 nemo
635 2062 713 2088 vilius
727 2062 831 2089 ordinis
845 2062 929 2088 homo
942 2063 1138 2088 nomenclatori
1152 2070 1231 2088 notus
1246 2062 1303 2086 fue-

235 2103 288 2136 rit,
307 2102 354 2136 qui
369 2100 437 2127 mihi
450 2099 559 2127 obuiam
575 2107 631 2125 non
644 2098 757 2125 venerit.
831 2098 868 2132 Q
886 2098 944 2124 Cic.
958 2097 991 2123 de
1011 2098 1064 2123 Pet.
1077 2096 1157 2123 Cons.
1177 2106 1200 2122 c.
1214 2101 1227 2125 8
1259 2096 1302 2121 Ne

235 2138 420 2166 nomenclator
433 2136 529 2169 solum,
554 2134 598 2162 sed
610 2134 709 2161 amicus
724 2134 804 2161 etiam
817 2132 903 2160 bonus
917 2133 966 2160 else
979 2131 1105 2165 videare,
1125 2135 1145 2159 i.
1165 2142 1195 2157 ne
1209 2132 1304 2157 nomine

230 2173 311 2210 solum
331 2175 400 2199 noris
418 2180 464 2199 etc.
537 2171 595 2197 Cic.
615 2179 666 2206 pro
685 2166 808 2196 Mura'en.
822 2177 857 2204 77
869 2172 927 2202 c.36
963 2169 1017 2195 κατ’
1037 2167 1155 2201 ἄνθρωπον
1174 2168 1304 2202 disputans

237 2217 325 2237 contra
337 2209 465 2242 Seruium,
492 2206 585 2240 Quid?
611 2205 684 2240 quod
698 2206 777 2232 habes
800 2205 1038 2233 nomenclatorem.

238 2245 348 2272 fallis-et
364 2243 473 2278 decipis.
532 2242 620 2274 Nam,
642 2240 660 2267 fl
674 2242 785 2267 nomine
804 2241 931 2275 appellari
949 2240 994 2266 abs
1016 2247 1041 2267 te
1062 2240 1135 2266 ciues
1148 2247 1209 2266 tuos
1223 2239 1304 2265 hone-

237 2281 307 2309 stum
321 2279 374 2312 est,
399 2285 477 2313 turpe
489 2277 525 2304 est
539 2286 584 2304 eos
598 2277 646 2302 effe
661 2277 739 2303 seruo
751 2282 798 2302 tuo
812 2276 941 2308 notiores,
956 2284 1037 2309 quam
1049 2275 1100 2302 tibi
1114 2284 1159 2302 etc.
1214 2277 1306 2309 Nempe

239 2317 324 2344 borum
337 2322 409 2351 opera
423 2315 559 2340 *utebantur
573 2310 720 2347 potiffimnm
742 2311 890 2343 candidati,
917 2312 1005 2343 ’vtfibi
1017 2313 1044 2336 in
1054 2311 1198 2346 prensando
1210 2310 1308 2345 suffla·

237 2360 337 2389 gatvres
355 2351 454 2376 nomina
466 2350 556 2375 ciuium
563 2350 734 2384 suggererent.
789 2346 827 2373 Hi
840 2352 865 2373 et
878 2347 1000 2373 Factores
1015 2355 1123 2380 quoque
1137 2345 1292 2372 dicebantur
1302 2364 1310 2377 ,

1351 915 1553 951 subintelligitur
1565 917 1709 948 affirmatio.

267 955 524 985 NOMINALi‘TER.
552 956 620 983 Adu.
647 955 783 983 Arnobius
789 955 912 982 aduersus
919 960 1009 989 gentes
1021 964 1033 980 2
1041 963 1065 988 p.
1075 959 1107 983 80
1127 951 1204 983 Quae
1211 956 1294 988 quum
1305 956 1339 976 20
1356 952 1382 978 ei
1395 952 1503 978 veniam
1517 952 1608 979 daret?

1312 1675 1347 1700 ⁴0

1747 178 1985 222 NON

1352 270 1433 297 etiam
1445 270 1516 298 fadla
1527 269 1670 299 hominum
1681 270 1872 304 obseruabant‚
1889 271 1922 298 ad
1934 271 2059 306 legesque
2069 270 2240 301 reuocabant.

1352 312 1495 342 comparare
1510 307 1562 334 illos
1575 317 1628 335 cum
1639 307 1694 342 his,
1721 317 1779 343 quos
1791 307 1902 335 Fiscales
1914 307 1984 334 hodie
1994 309 2095 337 dicunt.

1765 371 1796 403 N
1870 369 1900 401 O
1974 370 2006 402 N

1359 449 1366 455 ,
1423 450 1428 455 ,
1772 418 1785 453 [
1793 419 1824 447 ις’,
1846 416 1893 450 ἐκ,
1915 413 1988 450 dxxv,
2001 416 2111 450 ἐμίντσι,
2123 417 2175 452 μὴ]
2213 415 2332 443 Οπηιίὐιις
2343 414 2422 442 modis

1354 458 1479 484 zunguur.
1550 453 1609 480 Cic.
1622 453 1701 480 Acad.
1711 456 1733 487 4,
1749 460 1762 484 8
1795 453 1839 480 Illi
1860 462 1915 479 non
1930 452 2066 486 dubitant,
2080 453 2145 488 quisi
2157 463 2190 480 ea
2199 461 2263 479 vera
2274 451 2333 486 lint,
2353 459 2422 486 quae

1355 485 1509 512 defendunt:
1580 489 1739 516 Confunfliuo
1752 490 1828 525 Virg.
1837 489 1937 522 Georg.
1953 497 1985 522 2,
1999 497 2027 521 43
2057 488 2123 515 Non
2135 489 2205 515 mihi
2219 489 2238 515 fi
2253 495 2359 515 centum
2371 487 2424 514 lin.

1356 530 1422 556 guae
1435 521 1500 555 lint,
1517 530 1618 556 oraque
1632 532 1748 553 eentum.
1821 524 1954 559 Quinctil.
1968 534 1994 559 9,
2010 533 2028 557 4
2068 524 2134 551 Non
2154 525 2238 560 igitur
2257 524 2354 550 durum
2375 522 2423 555 fit,

1357 566 1444 591 neque
1462 557 1622 592 abruptum,
1654 568 1709 594 quo
1741 561 1825 588 animi
1859 561 1932 588 velut
1963 560 2101 595 respirent.
2174 561 2312 596 Infinieiuo.
2350 558 2425 585 Ter.

2278 606 2279 609 ¹
2311 595 2361 621 Sed
2376 596 2426 620 lm-

2109 631 2191 658 Ouid.
2202 632 2257 658 Art.
2272 640 2344 664 3,i29
2367 630 2426 657 νο·

2332 184 2418 233 460

2292 269 2419 307 Poffimms
2434 267 2443 275 ⁸

1393 419 1418 440 N
1429 419 1450 441 o
1460 421 1494 442 N.
1529 417 1598 444 Adu.
1614 417 1736 453 negandi.

1353 631 1468 666 peratiuo
1481 630 1571 660 etiam,
1594 631 1660 669 quod
1673 631 1748 666 vulgo
1758 641 1850 668 negant
1860 633 2034 659 Grammatici.

1357 674 1466 700 quoque
1479 674 1534 691 non
1549 674 1617 691 caris
1633 673 1709 692 aures
1720 675 1830 695 onerate
1844 669 1957 704 lapillis,
1987 683 2035 689 ν·-
2053 667 2112 695 Nec
2126 666 2233 702 prodite
2247 674 2340 701 graues
2354 666 2426 692 insu·
2471 690 2481 700 ,

1356 706 1386 728 to
1399 701 1515 728 vestibus
1529 710 1604 728 auro.
1678 701 1759 730 Ouid.
1771 712 1803 730 ex
1822 705 1906 731 Ponto
1920 715 1945 738 1,
1965 713 1997 740 2,
2012 713 2055 735 1ος
2077 703 2143 731 Non
2158 703 2243 738 petito
2256 708 2285 728 vt
2296 701 2366 728 bene
2377 701 2427 734 fit,

1356 737 1401 764 sed
1421 737 1460 764 vti
1484 737 1553 764 male
1574 737 1674 770 tutius,
1711 743 1793 772 vtque
1820 740 1936 767 Exilium
1963 742 2042 767 saeuo
2069 739 2145 766 distet
2171 738 2204 765 ab
2223 737 2297 765 hoste
2323 745 2427 764 meum.

1359 774 1532 807 Geminatum,
1553 774 1688 809 elegantem
1703 774 1756 799 vim
1770 774 1849 803 babet.
1921 777 1992 803 Ter,
2008 775 2115 803 Phorm.
2127 773 2153 806 ¹2,
2168 784 2192 808 i,
2204 781 2236 810 73
2268 774 2428 806 Non,'non

1356 809 1390 836 fic
1404 809 1526 836 futurum
1541 809 1591 836 est:
1628 818 1684 836 non
1697 809 1790 843 potest.
1863 810 1936 838 Idem
1948 812 2059 846 Adelph.
2075 821 2084 838 1
2093 833 2102 846 ,
2115 819 2146 844 2,
2159 819 2185 837 21
2224 810 2289 837 Non
2304 808 2340 836 est
2352 806 2429 842 flagi-

1357 845 1427 872 tium
1453 845 1540 876 (mihi
1556 844 1653 878 crede)
1679 845 1903 872 adolescentulum
1917 848 2045 881 scortari,
2068 855 2155 882 neque
2170 852 2279 882 potare,
2305 854 2360 871 non
2373 844 2430 875 est,

1357 889 1444 915 neque
1457 881 1529 907 fores
1542 882 1697 916 effringere.
1769 881 1836 909 Non
1845 902 1854 915 ,
1871 889 1917 917 pro
1929 883 2033 916 Nonne,
2055 883 2221 918 interrogatio
2230 881 2366 916 nega-nina,
2387 879 2429 906 cui

1782 918 1853 944 Ter.
1867 917 1975 944 Phorm.
1991 927 2010 951 i,
2020 927 2044 951 2,
2058 922 2092 952 69
2115 919 2181 946 Non
2194 918 2212 944 fi
2226 916 2330 944 redisset
2342 921 2431 951 pater,

1665 952 1737 987 Conf.
1752 953 1827 980 Idem
1843 953 1906 980 Hec.
1920 962 1944 988 3,
1956 961 1982 986 ιι,
1995 962 2009 986 7
2038 954 2104 981 Non
2120 955 2203 981 visam
2221 961 2332 980 vxorem
2353 953 2430 979 Pam-

1356 987 1444 1023 phili}
1481 989 1598 1022 Indicae,
1617 989 1750 1025 indignum
1763 989 1809 1024 ff’
1816 989 1846 1022 fi
1858 999 1906 1015 non
1921 989 1996 1024 '⁰¹:1⁸⁰‘-
2069 989 2151 1023 Non,
2168 997 2214 1026 per
2233 989 2429 1016 adtm'rationem

1357 1024 1466 1057 dilium,
1486 1031 1552 1049 certe
1566 1025 1710 1059 repetitum:
1766 1025 1837 1052 Ter.
1851 1026 1950 1052 Heaut.
1972 1033 2002 1059 3,
2016 1034 2045 1057 3,
2060 1034 2083 1055 5¹
2118 1025 2199 1059 Atqui
2220 1034 2274 1052 non
2296 1032 2363 1059 opus
2381 1022 2428 1050 est.

1358 1066 1382 1086 s.
1403 1069 1460 1086 non
1475 1063 1542 1094 op'us
1560 1059 1612 1087 est!
1639 1067 1667 1088 c.
1687 1069 1742 1086 non
1763 1060 1852 1088 hercle
1873 1070 1950 1088 vero.
2025 1061 2108 1094 Non,
2133 1061 2299 1096 respondentis
2321 1059 2432 1094 negatio-

1357 1096 1414 1124 Cic.
1429 1097 1506 1122 Verr.
1523 1104 1554 1130 2,
1570 1098 1615 1123 106
1649 1096 1827 1131 Cognitorem
1847 1096 1973 1124 adscribit
1988 1096 2116 1123 Sthenio:
2154 1097 2249 1130 quem?
2286 1101 2432 1131 cognatum

1357 1132 1475 1166 aliquem
1489 1138 1534 1158 aut
1546 1131 1750 1167 propinquum}
1781 1141 1846 1160 non.
1919 1132 2132 1159 Thermitanum
2151 1131 2267 1166 aliquem
2286 1130 2431 1158 honestum

1358 1167 1498 1195 hominem
1520 1178 1547 1194 ac
1565 1168 1706 1195 nobilem?
1743 1177 1778 1195 ne
1797 1168 1826 1195 id
1847 1168 1965 1203 quidem.
2002 1174 2028 1195 at
2042 1168 2176 1203 Siculum,
2209 1167 2238 1193 in
2258 1175 2313 1202 quo
2332 1165 2432 1200 aliqui!

1358 1204 1502 1240 splendor,
1522 1204 1691 1239 dignitasque
1704 1204 1782 1232 esset?
1819 1205 1942 1232 minime.
2016 1205 2086 1232 Ter.
2106 1204 2203 1231 Heaut.
2219 1211 2248 1236 ς,
2261 1212 2279 1236 1,
2292 1211 2320 1229 21
2353 1203 2432 1236 Opus

1359 1241 1409 1267 else
1426 1246 1565 1275 argentum
1580 1246 1608 1267 vt
1621 1240 1705 1267 dares.
1738 1248 1775 1268 M.
1795 1249 1861 1268 non.
1899 1246 1927 1268 C.
1953 1240 2038 1275 quid3
2069 1241 2142 1267 non?
2183 1246 2220 1266 M.
2240 1248 2295 1266 non
2310 1239 2432 1273 inquam.

1362 1281 1392 1303 c.
1411 1284 1498 1310 neque
1511 1276 1564 1311 ipse
1576 1278 1687 1311 gnatus?
1725 1284 1760 1304 M.
1781 1276 1851 1303 nihil
1865 1277 1972 1312 prorsus
1989 1275 2115 1303 Chreme.
2158 1275 2233 1303 Idem
2248 1274 2359 1309 Adelph.
2375 1283 2395 1307 1,
2408 1282 2434 1307 2,

1360 1321 1393 1339 21.
1448 1312 1522 1346 Conf.
1539 1312 1634 1339 Catuli.
1647 1321 1684 1346 14,
1700 1316 1735 1340 16.
1773 1319 1796 1339 et
1808 1314 1912 1339 Manat.
1926 1315 1962 1339 ad
1975 1312 2032 1340 Cic.
2041 1314 2093 1340 Att.
2102 1320 2121 1346 1,
2135 1321 2160 1345 9.
2234 1311 2303 1338 Ter.
2318 1309 2434 1342 Δηὼ-,4,

1360 1357 1384 1382 2,
1398 1357 1421 1374 12
1466 1349 1514 1374 Per
1527 1356 1625 1374 ‹omnes
1640 1348 1691 1375 tibi
1703 1349 1800 1375 adiuro
1821 1347 1902 1384 deos,
1942 1356 2078 1383 nunquam
2109 1356 2168 1374 eam
2186 1355 2230 1374 me
2249 1345 2435 1374 deserturum:

1361 1393 1431 1414 non,
1451 1383 1469 1410 fi
1483 1383 1628 1419 capiundos
1642 1383 1710 1410 mihi
1724 1385 1804 1411 sciam
1818 1385 1868 1411 else
1880 1384 2007 1412 inimicos
2019 1384 2125 1411 omneis
2139 1384 2273 1411 homines.
2373 1379 2396 1420 q
2415 1387 2436 1408 2.

1367 1421 1443 1446 Varie
1454 1421 1605 1455 componitur
1624 1427 1647 1446 et
1665 1420 1791 1455 iungitur.
1863 1420 1944 1447 Caius
1964 1421 1993 1446 in
2011 1421 2030 1448 l.
2055 1420 2150 1454 Siquis
2163 1420 2253 1447 alicui.
2280 1416 2304 1456 §.
2322 1418 2372 1445 vlt.
2398 1416 2435 1444 D.

1362 1455 1481 1482 Mandati
1496 1456 1538 1482 vel
1552 1461 1658 1488 contra,
1681 1456 1707 1483 Si
1721 1455 1844 1482 mandatu
1858 1465 1920 1482 meo
1934 1456 2018 1483 Titio
2032 1455 2194 1490 credideris,
2212 1462 2238 1482 et
2246 1461 2437 1481 mecuminan-

1363 1490 1416 1517 dati
1431 1492 1516 1525 egeris
1525 1511 1534 1523 ,
1553 1501 1608 1518 non
1621 1492 1700 1518 aliter
1712 1491 1886 1518 condemnari
1900 1491 1984 1518 debeo
2000 1512 2009 1526 ‚
2029 1501 2109 1527 quani
2123 1492 2140 1519 fi
2153 1492 2272 1519 actiones
2285 1497 2353 1522 tuas,
2367 1497 2436 1524 quas

1362 1526 1485 1553 aduersus
1498 1527 1609 1554 Titium
1626 1527 1723 1561 habes,
1742 1527 1810 1554 mihi
1826 1527 1996 1562 praestiteris.
2069 1528 2150 1555 Caius
2166 1529 2193 1554 in
2207 1527 2244 1554 l.2
2265 1527 2298 1553 D.
2326 1524 2437 1558 Quibus

1363 1562 1436 1589 mod.
1453 1563 1507 1597 pig.
1520 1570 1566 1589 etc.
1593 1563 1658 1591 Non
1670 1564 1749 1590 aliter
1761 1563 1813 1590 hoc
1827 1564 1914 1590 facere
1927 1563 2100 1598 conceditur,
2121 1564 2167 1591 nisi
2183 1563 2256 1599 prius
2270 1563 2296 1589 ei
2311 1561 2438 1589 debitum

1362 1598 1467 1639 offerat.
1541 1599 1601 1626 Liu.
1621 1607 1665 1633 35,
1686 1608 1712 1632 32
1743 1599 1854 1626 Tamen
1866 1609 1922 1626 non
1935 1599 1968 1626 ab
1982 1609 2011 1627 re
2024 1601 2072 1627 esse
2086 1601 2203 1634 Qiintio
2217 1599 2303 1626 visum
2316 1598 2369 1633 est,
2394 1597 2438 1624 so-

1363 1643 1469 1661 ciorum
1484 1635 1605 1669 aliquos,
1631 1643 1676 1662 etc.
1750 1635 1816 1663 Non
1837 1636 1904 1663 adeo
1923 1635 2073 1663 inhumano
2091 1636 2202 1671 ingenio
2223 1635 2280 1662 sum
2299 1634 2437 1667 Chaerea,

1364 1679 1451 1706 neque
1464 1677 1517 1698 tam
1530 1671 1671 1706 imperita,
1689 1677 1718 1699 vt
1731 1671 1797 1707 quid
1811 1674 1889 1699 ambr
1902 1672 2002 1706 valeat,
2023 1672 2137 1699 nesciam
2163 1672 2233 1698 Ter.
2247 1671 2312 1697 Eun.
2327 1680 2349 1703 5,
2358 1678 2385 1703 2,
2399 1677 2438 1702 41.

1364 1709 1407 1733 vbi
1422 1708 1559 1741 Donatus,
1582 1709 1647 1735 Non
1667 1707 1734 1736 adeo
1752 1708 1900 1735 inhumano
1913 1708 2025 1743 ingenio
2038 1709 2109 1735 siim:
2146 1709 2171 1734 h.
2192 1717 2212 1734 e.
2241 1706 2356 1734 Immitis
2377 1714 2437 1732 non

1364 1744 1430 1770 siim.
1504 1744 1560 1770 Cic.
1575 1743 1607 1770 de
1620 1744 1720 1770 Sene&
1733 1749 1746 1774 8
1777 1744 1859 1777 Qod
1873 1745 1999 1779 equidem
2013 1753 2070 1771 non
2080 1743 2154 1771 amisi
2168 1743 2268 1777 adhuc,
2295 1749 2320 1769 et
2335 1741 2440 1771 videtis,

1362 1786 1446 1805 annos
1461 1787 1543 1805 meos.
1617 1778 1691 1806 Idem
1705 1779 1737 1805 de
1752 1780 1859 1806 Amicit.
1872 1789 1907 1813 49
1934 1780 2009 1812 Qud
2021 1780 2094 1806 enim
2108 1787 2162 1807 tam
2176 1778 2337 1811 absurdum,
2372 1785 2438 1805 uam

1364 1813 1493 1841 delectari
1508 1814 1599 1841 multis
1612 1813 1736 1840 inanibus
1750 1814 1848 1847 rebus,
1874 1819 1903 1840 vt
1921 1813 2047 1847 honore,
2073 1821 2102 1841 vt
2123 1815 2226 1848 gloria,
2251 1820 2280 1841 vt
2292 1813 2352 1841 aedi
2375 1814 2438 1847 cio,

1364 1856 1393 1876 vt
1405 1850 1516 1884 vestitu,
1536 1851 1660 1884 cultuque
1675 1850 1808 1884 corporis:
1844 1849 1938 1876 animo
1952 1855 2040 1876 autem
2055 1849 2154 1876 virtute
2168 1849 2307 1884 praedito,
2333 1857 2366 1875 eo
2386 1849 2438 1884 qui

1364 1886 1513 1920 velamare,
1534 1887 1577 1913 vel
1603 1890 1648 1918 (vt
1662 1886 1697 1912 ita
1711 1885 1815 1917 dicam)
1845 1885 1982 1912 redamare
1999 1885 2089 1920 pollit,
2114 1894 2171 1911 non
2193 1884 2346 1911 Admodum
2366 1884 2438 1911 dele·
2462 1893 2468 1895 ⁴

1364 1922 1450 1949 Glari?
1525 1923 1591 1949 plin.
1607 1931 1646 1955 10,
1659 1924 1693 1956 67
1723 1921 1905 1949 Salamandrae
1919 1927 2005 1948 tantus
2020 1921 2114 1955 rigor,
2132 1927 2159 1947 vt
2173 1921 2263 1956 ignem
2277 1920 2379 1946 tantun
2391 1927 2439 1945 ex-

1363 1958 1482 1993 tinguat,
1503 1967 1558 1984 non
1573 1959 1635 1985 Alio
1649 1957 1732 1984 modo
1745 1966 1823 1993 quam
1837 1957 1942 1992 glacies.
2015 1957 2071 1983 Cic.
2085 1958 2139 1984 Att.
2151 1966 2189 1991 10,
2202 1964 2221 1989 4
2254 1955 2294 1981 De
2308 1954 2352 1982 die
2365 1954 2443 1986 nihil

1365 1995 1424 2020 sane
1438 1994 1523 2028 potest
1535 1994 1614 2021 scribi
1629 1995 1711 2026 certi,
1730 1999 1833 2029 praeter
1847 1993 1907 2027 hoc,
1927 2002 1982 2020 non
1996 1994 2065 2020 Ante
2082 1993 2171 2019 lunam
2186 2000 2294 2021 nouam.

1365 2029 1470 2066 Ausim,
1491 2038 1540 2061 pro
1548 2030 1612 2055 Non
1627 2029 1747 2061 audebo,
1768 2030 1857 2063 inquit
1870 2029 1990 2056 Donatus
2026 2028 2098 2055 Ter.
2112 2029 2207 2061 Eun.5‚
2221 2036 2244 2061 2,
2257 2036 2295 2060 45.
2369 2026 2440 2054 Non
2461 2051 2464 2054 .

1365 2061 1471 2102 Audio,
1492 2063 1556 2087 Non
1566 2062 1682 2088 libenter
1696 2063 1825 2095 admitto,
1845 2070 1871 2089 et
1884 2065 2037 2100 consentio,
2056 2065 2192 2100 interprete
2206 2063 2314 2090 Donato
2328 2064 2363 2089 ad
2374 2060 2460 2089 illud.

1375 2096 1435 2121 ser.
1450 2096 1556 2121 Phor-n.
1572 2106 1593 2129 3,
1606 2105 1622 2122 2
1632 2117 1640 2128 ,
1656 2106 1664 2122 1
1698 2097 1786 2123 Dorio
1799 2097 1862 2123 audi
1875 2098 1994 2125 obsecro.
2022 2106 2051 2125 D.
2068 2109 2124 2126 non
2140 2099 2232 2126 audio.
2306 2098 2437 2128 Hominid

1368 2140 1424 2157 11011
1440 2131 1579 2157 Beatiffimi
1600 2131 1711 2166 speciem
1734 2132 1861 2167 praebere
1893 2133 1964 2168 Nep.
1978 2141 2016 2168 17,
2030 2139 2054 2167 8,
2068 2143 2089 2161 2.
2125 2135 2145 2161 i.
2172 2135 2299 2161 tenuioris.
2371 2134 2441 2161 Non

1368 2166 1459 2193 Bonus
1486 2168 1566 2194 Plaut.
1581 2169 1655 2203 Capt.
1670 2168 1738 2203 prol.
1750 2172 1789 2202 65.
1863 2169 1929 2196 Non
1942 2169 2009 2195 clam
2023 2178 2066 2196 me
2079 2169 2115 2196 est
2143 2170 2214 2197 Ter.
2227 2170 2293 2197 Her.
2307 2178 2343 2203 4,
2357 2179 2382 2204 1,
2395 2177 2439 2202 54.

1093 2205 1126 2231 In
1147 2212 1181 2230 eo
1196 2203 1306 2237 quidem
1324 2203 1352 2227 55
1367 2202 1432 2228 Non
1446 2204 1603 2237 Continuo,
1624 2204 1691 2230 sime
1704 2205 1732 2231 in
1745 2213 1851 2240 gregem
1867 2204 2022 2232 ficariorum
2034 2205 2153 2239 contuli,
2172 2206 2228 2232 sum
2242 2205 2349 2233 ficarius
2379 2205 2440 2232 cie.

1367 2247 1417 2273 pro
1430 2239 1608 2280 Rosc3A1ner.
1624 2250 1663 2275 49.
1702 2242 1725 2267 h.
1733 2251 1754 2267 e.
1775 2242 1832 2266 Non
1840 2241 1903 2267 ideo.
1975 2241 2041 2268 Non
2049 2242 2159 2268 Dictum
2172 2241 2224 2275 est,
2244 2243 2298 2269 h.c.
2319 2249 2440 2277 tanquam

1368 2283 1415 2314 non
1429 2276 1527 2299 dzxerts
1565 2276 1646 2303 Plaut.
1661 2277 1741 2303 Poen.
1753 2285 1787 2309 4,
1801 2284 1832 2309 2,
1846 2284 1881 2310 91.
1954 2277 2010 2303 Cic.
2027 2276 2060 2302 de
2079 2277 2187 2303 Amicit.
2206 2283 2237 2308 48
2269 2276 2344 2309 Qiid
2363 2277 2440 2304 enirn

1369 2310 1478 2336 interest
1489 2331 1497 2342 ‚
1523 2317 1599 2337 motu
1618 2312 1701 2339 animi
1721 2311 1839 2346 sublato,
1865 2320 1920 2338 11011
1933 2312 2002 2338 Dico
2016 2311 2086 2338 inter
2102 2312 2230 2346 pecudem
2242 2316 2270 2337 et
2280 2311 2439 2343 hominem,

1370 2345 1413 2370 scd
1426 2346 1496 2371 inter
1509 2345 1647 2374 hominem
1668 2355 1693 2375 et
1713 2349 1800 2375 saxum
1809 2365 1817 2379 ,
1842 2353 1887 2374 aut
1906 2353 2030 2374 truncum
2039 2368 2048 2381 ,
2074 2354 2119 2374 aut
2133 2346 2240 2382 quiduis
2252 2347 2356 2381 generis
2369 2346 2441 2373 eius-

241 2388 305 2424 quia
319 2387 490 2413 salutatorum
505 2385 630 2416 nomina,
656 2391 686 2408 vt
703 2384 741 2409 ait
761 2382 865 2416 Festus,
900 2382 974 2409 velut
995 2382 1153 2408 infarcirent
1174 2382 1203 2407 in
1216 2389 1308 2407 aurem
1321 2376 1356 2401 60
1371 2380 1448 2407 dem?
1486 2383 1509 2408 l·.
1528 2392 1547 2407 c.
1574 2385 1630 2408 Non
1645 2384 1741 2419 solum,
1765 2386 1809 2410 vel
1826 2384 1911 2410 Nolim
1929 2384 2011 2410 dicere
2030 2391 2126 2409 tamum
2145 2385 2214 2408 inter
2232 2384 2364 2416 pecudem,
2389 2388 2441 2408 etc..

456 2421 538 2447 Etiam
552 2421 580 2445 in
594 2418 675 2454 mensa
688 2418 799 2444 adhibiti
812 2419 1040 2451 nomenclatores,
1063 2417 1107 2452 qui
1119 2419 1234 2442 conuiuas
1249 2417 1309 2442 cibo-

243 2470 298 2486 rum
310 2459 411 2485 nomina
424 2465 447 2484 et
464 2456 624 2483 conditionem
637 2457 759 2481 docerent.
811 2455 870 2480 Vid.
886 2453 952 2480 Plin.
966 2462 1006 2486 32,
1025 2455 1049 2480 6.
1074 2461 1098 2480 et
1112 2453 1218 2479 Petron.
1232 2462 1253 2479 c.
1268 2459 1309 2486 47.

244 2495 320 2529 Conf.
335 2496 417 2529 Popm.
431 2495 462 2519 de
476 2491 599 2527 Op.seru.
671 2489 803 2523 Quinctil.
817 2491 844 2523 6,
857 2498 887 2522 3,
900 2492 932 2522 96
964 2490 1001 2515 Vt
1019 2489 1086 2516 Afer
1102 2488 1209 2524 ingrato
1223 2488 1311 2522 litiga-

245 2531 302 2559 tori
316 2529 484 2564 conspectum
496 2528 553 2554 eius
566 2526 677 2559 vitanti,
703 2525 731 2551 in
752 2525 814 2552 foro
835 2534 883 2559 per
896 2525 1136 2552 nomencilatorein
1151 2525 1256 2551 inill'um
1278 2524 1308 2549 ad

245 2576 323 2600 eum,
344 2566 422 2592 Amas
434 2573 490 2597 me,
508 2564 606 2598 inquit,
628 2561 701 2597 quod
712 2567 738 2588 te
751 2570 806 2588 non
819 2561 886 2588 vidi.

246 2603 366 2631 latorem.
424 2601 466 2627 Sic
484 2599 602 2627 Μαι-1131.
617 2607 664 2632 10,
684 2607 713 2630 30
745 2597 958 2625 Nomenculator
977 2596 1106 2631 mugilem
1125 2597 1188 2623 citat
1207 2602 1311 2623 notum.

247 2639 322 2673 Conf.
357 2638 428 2666 Suet.
461 2635 555 2666 Claud.
586 2644 609 2662 c.
641 2643 678 2667 34.
740 2633 848 2669 August.
866 2642 888 2660 c.
906 2642 943 2668 ¹9·
978 2640 1003 2660 et
1021 2632 1107 2668 Calig.
1127 2642 1149 2662 c.
1169 2642 1204 2666 14.
1266 2632 1312 2659 Pe-

246 2680 317 2703 11011.
332 2684 354 2702 c.
408 2695 415 2701 .

286 2717 309 2738 N
321 2682 432 2737 0M4gN
443 2714 461 2736 c
473 2716 491 2736 ι.
501 2709 525 2736 A
534 2714 556 2736 T
566 2714 578 2735 1
589 2713 609 2735 o
620 2728 629 2741 ,
644 2705 713 2734 onis.
732 2707 752 2733 f.
789 2704 1010 2740 [ἐναματὸκλησις]
1047 2704 1180 2732 Columel.
1194 2714 1236 2739 3‚2
1249 2712 1315 2731 extr.

242 2422 383 2452 candidati.

249 2748 279 2774 de
291 2747 389 2779 vineis,
407 2745 525 2779 Ideoque
537 2745 567 2770 in
579 2743 627 2784 hac
642 2743 695 2778 ipsa
708 2743 796 2775 Italia,
817 2751 852 2768 ne
867 2741 951 2768 dicam
964 2743 991 2768 in
1006 2747 1058 2767 tam
1073 2741 1169 2768 diffuso
1181 2747 1312 2768 terrarum
1327 2744 1361 2768 70
1375 2740 1451 2766 estin
1464 2739 1515 2766 hoc
1536 2740 1646 2767 homine
1659 2749 1784 2774 cuiquam
1798 2740 1920 2775 peccandi
1934 2740 2007 2766 locus
2040 2740 2096 2767 Cic.
2117 2741 2194 2766 Verr.
2210 2749 2237 2773 3,
2261 2748 2298 2766 ¹0.

250 2781 335 2814 orbe,
355 2782 459 2808 vicinae
472 2781 552 2807 etiam
569 2786 690 2807 nationes
703 2777 856 2805 nominibus
870 2787 961 2804 rerum
975 2777 1120 2811 discrepant
1130 2798 1137 2809 ‚
1156 2777 1314 2811 varIantque

250 2817 391 2846 vocabula.
429 2825 510 2852 quare
525 2815 660 2851 prudentis
673 2814 792 2849 magistri
806 2814 843 2840 est
856 2812 988 2840 eiusmodi
1001 2813 1225 2840 nomenclationis
1237 2821 1314 2839 aucu-

251 2854 315 2889 pio,
346 2862 400 2887 quo
419 2852 505 2888 potiri
524 2856 671 2886 nequeant,
699 2850 828 2877 studiosos
848 2858 904 2876 non
924 2848 1069 2875 demorari.
1142 2850 1196 2883 Qi.
1210 2849 1267 2875 Cic.
1283 2847 1314 2873 de

251 2890 328 2918 Petit.
343 2889 421 2916 Cons.
435 2898 462 2921 32
481 2898 502 2915 c.
511 2897 533 2916 11
559 2888 594 2915 Ea
606 2887 732 2914 desiderat
746 2886 1004 2917 nomenclationem,
1022 2884 1195 2919 blanditiam,
1216 2884 1316 2911 1111111111-

251 2931 349 2959 tatem,
376 2924 584 2959 benignitatem,
609 2932 764 2956 rumorem,
790 2923 862 2957 spem
876 2922 904 2948 in
924 2920 1076 2957 Republica.

253 2962 352 2990 ratione
364 2961 417 2996 agit
432 2961 450 2986 s.
463 2970 524 2995 quae
536 2961 604 2995 apud
611 2960 704 2994 plebem
715 2959 865 2995 obseruanda
873 2958 937 2991 stne.

289 3004 313 3024 N
324 3003 344 3024 Ο
354 3003 379 3024 Μ
388 3003 404 3024 E
413 3003 435 3023 N
443 3002 461 3022 C
470 3004 487 3023 L
496 3002 516 3022 A
528 3002 550 3022 Τ
562 2996 583 3021 V
591 3001 610 3021 R
621 3001 642 3022 Α
652 3015 660 3028 ,
679 3004 718 3022 ae.
754 2994 773 3022 f.
809 2996 884 3021 Mem.
940 2992 1168 3028 [ὄνοματσκλησία]

253 3033 338 3068 praef.
366 3031 502 3066 Qiaedam
515 3031 544 3058 in
557 3030 598 3058 his
611 3031 808 3057 nomenclatura
821 3036 1016 3065 nuncupentur.
1087 3029 1161 3057 Idem
1173 3037 1195 3061 2,
1214 3038 1227 3061 7
1254 3029 1317 3054 Cae-

255 3069 325 3096 lestis
346 3069 562 3103 nomenclatura,
587 3076 637 3101 qua
657 3067 773 3101 Iupiter,
795 3066 946 3093 Mercurius
960 3066 1054 3092 caeteri
1066 3066 1134 3091 inter
1141 3064 1169 3100 se
1182 3071 1297 3091 “r-tantur.

290 3112 312 3132 N
325 3111 346 3132 ο
356 3112 380 3132 Μ
391 3112 408 3132 E
419 3111 442 3131 N
453 3111 505 3132 Tv
516 3110 563 3136 Μ,
583 3103 601 3129 i.
633 3111 659 3129 n.
702 3101 857 3136 [Νώμενῗῖου]

256 3141 288 3167 ab
300 3142 360 3167 vrbe
375 3143 459 3167 Roma.
531 3138 647 3167 Martial.
666 3147 704 3172 ¹3,
724 3145 749 3170 15
782 3137 809 3164 Si
821 3138 910 3165 vicina
928 3138 980 3164 tibi
998 3137 1137 3165 Nomento
1150 3146 1213 3165 rura
1227 3137 1317 3163 coluu-

255 3182 306 3205 tur.
362 3176 434 3210 Conf.
449 3176 531 3203 Ouid.
545 3175 610 3202 Fast.
624 3183 653 3208 4,
665 3183 721 3209 903.

294 3219 318 3239 N
332 3219 385 3239 OM
395 3218 411 3239 F.
420 3219 443 3238 N
453 3219 474 3238 'r
484 3214 506 3240 Ᾱ
517 3219 538 3238 N
551 3218 571 3237 v
582 3218 595 3237 s
604 3231 613 3244 ,
633 3219 663 3244 a,
682 3219 736 3236 um.
774 3208 836 3236 Adi.
872 3209 1057 3237 Nomentanus
1076 3210 1175 3245 agellus
1199 3208 1317 3236 Martial.

257 3256 285 3282 7,
297 3256 339 3282 92.
411 3249 504 3283 Nepos
523 3248 708 3274 Nomentanus
736 3245 804 3273 Hor.
817 3245 899 3272 Serm.
913 3253 937 3278 2,
952 3255 971 3278 1,
985 3253 1027 3272 22.
1099 3246 1150 3273 Via
1177 3245 1268 3279 Liri-3,
1280 3253 1317 3279 52.

258 3284 401 3311 Vindemia
428 3284 543 3311 Martial.
560 3292 591 3316 ¹3,
606 3292 652 3317 119.

297 3326 507 3354 ΝοΜιςΜΛ,
532 3320 587 3345 via.
607 3319 765 3353 Numisma,
780 3317 835 3355 post
856 3323 1004 3345 Nvmvs.

296 3361 457 3382 Noaiivs
482 3355 531 3392 post
551 3361 705 3383 NOMOS.

296 3397 349 3417 No
361 3398 449 3424 mos,
461 3392 506 3427 seu
529 3399 551 3419 N
565 3398 585 3418 0
598 3397 693 3424 mvs,
713 3391 732 3417 i.
771 3400 808 3418 m.
866 3389 970 3423 [νομὸς]

262 3427 323 3453 Vox
339 3427 471 3461 Aegyptiis
487 3428 596 3462 propria
604 3427 736 3462 secundum
754 3427 820 3453 Plin.
837 3435 864 3459 5,
878 3434 903 3459 9.

263 3463 428 3489 contermina
442 3463 598 3498 Aethiopiae
610 3462 733 3490 Thebais
748 3468 866 3489 vocatur.

263 3498 423 3532 oppidorum
432 3518 441 3530 ,
467 3508 530 3533 quas
550 3500 657 3526 Nomos
681 3504 792 3530 vocant,
816 3497 963 3524 duodecim.

1223 2992 1291 3019 Plin.
1305 3000 1317 3023 3

1028 3388 1119 3423 Regio,
1149 3388 1317 3424 praefi-(lura.

974 3424 1080 3451 Summa
1094 3432 1165 3464 'pars
1195 3425 1319 3458 Aegypti,

1035 3496 1109 3529 Conf.
1129 3495 1201 3522 Idem
1222 3498 1268 3528 36,
1290 3505 1320 3527 ¹3-

265 3534 332 3560 Plin.
346 3534 424 3567 Epist.
439 3544 483 3567 10,
503 3543 531 3566 23
566 3536 614 3561 Tu
635 3544 667 3562 cx
688 3543 742 3569 quo
762 3541 845 3560 nomo
864 3534 893 3560 fit
917 3540 1011 3559 notum
1031 3531 1101 3559 mihi
1125 3532 1212 3558 facere
1233 3531 1320 3558 debes.

263 3567 286 3606 ff
306 3578 319 3596 2
356 3569 459 3597 Nomos
481 3572 586 3606 [νόμος]
622 3572 680 3604 lex,
696 3571 800 3605 regula,
815 3569 946 3604 speciatim
959 3570 986 3594 in
999 3571 1125 3599 carmine,
1151 3578 1181 3593 ac
1194 3567 1319 3593 cantilena

263 3605 331 3632 modi
344 3607 378 3630 ad
389 3615 445 3639 quos
458 3609 564 3632 canitur.
627 3610 713 3632 Verum
725 3607 795 3633 Suet.
808 3606 911 3633 Neron.
926 3614 947 3630 c.
957 3614 987 3630 20
1020 3604 1063 3630 Nc
1077 3604 1198 3630 concull‘o
1213 3602 1321 3637 quidem

265 3647 373 3674 repente
386 3649 460 3668 motu
480 3649 564 3669 terrae
579 3642 700 3675 theatro,
725 3649 786 3669 ante
806 3647 910 3669 cantare
929 3640 1041 3673 destitit,
1068 3648 1148 3674 quam
1168 3638 1321 3665 inchoatum
1335 3643 1366 3668 95
1383 3640 1459 3666 Caec.
1475 3640 1513 3671 67.

266 3675 414 3702 absolueret
427 3684 499 3709 νόμω.
513 3678 618 3705 Nomos
627 3678 658 3714 est
671 3677 720 3713 ipse
732 3680 832 3711 hymnus
847 3679 882 3703 ad
892 3677 1001 3702 citharae
1016 3679 1095 3701 nmclos
1110 3681 1240 3708 cantatus,
1259 3677 1324 3709 quod

266 3713 335 3739 docet
352 3712 379 3737 in
393 3713 482 3746 primis
497 3715 626 3748 Spanhem.
640 3717 675 3740 ml
688 3713 784 3740 callim.
799 3715 871 3748 Hym.
884 3713 911 3738 in
927 3713 1016 3738 Delum
1027 3722 1079 3744 502¹·
1136 3712 1204 3737 liin.-

305 3753 468 3774 NOMtvs
490 3749 600 3783 Apollo,
630 3750 673 3776 vel
692 3748 740 3776 ἀπὸ
758 3751 801 3779 τῆς
819 3751 904 3780 νομῆς,
937 3751 955 3774 1'.
977 3756 990 3773 a
1005 3747 1119 3782 pascuis,
1145 3746 1188 3773 vcl
1207 3744 1255 3773 ὰπό
1275 3747 1322 3773 τᾶν

266 3788 352 3816 νόμων,
372 3793 386 3809 a
401 3784 457 3818 lege
469 3784 636 3811 chordarum.
692 3787 760 3810 Haec
773 3785 880 3812 Seruius
893 3783 924 3810 ad
941 3784 1015 3818 Virg.
1029 3784 1127 3818 Georg.
1142 3793 1163 3816 3,
1177 3791 1200 3809 2.

307 3826 332 3850 N
343 3825 363 3846 Ο
374 3826 398 3846 Μ
410 3825 430 3845 0
440 3826 455 3845 Ρ
463 3826 483 3845 Η
494 3818 540 3845 fl.
549 3826 570 3846 A
578 3827 595 3847 x
604 3842 612 3853 ‚
631 3821 691 3847 acis.
714 3830 749 3846 m.
785 3820 957 3854 [νομοφύλαξ]
992 3821 1081 3854 Legum
1089 3819 1161 3855 custos
1168 3826 1191 3844 et
1198 3817 1322 3853 seruator.
1330 3822 1376 3839 ¹⁰0
1383 3819 1444 3845 culo
1456 3826 1548 3853 aquam
1564 3816 1706 3843 cffiuuicre.

217 3878 224 3884 ,
268 3855 317 3882 ἀπὸ
332 3857 364 3881 wi
378 3857 451 3886 νέμε,
472 3865 487 3879 a
505 3856 570 3889 lege.-
608 3864 631 3882 et
649 3857 747 3888 φύλαξ,
766 3856 849 3892 custos.
922 3856 1053 3882 Columel.
1069 3864 1108 3887 ιε,
1129 3865 1139 3885 3
1158 3863 1222 3881 extr.
1258 3855 1321 3880 Non

268 3891 329 3917 satis
341 3891 425 3918 visum
439 3890 491 3923 est,
508 3890 590 3917 bonas
604 3891 701 3918 habere
714 3892 799 3927 leges,
818 3892 865 3918 nili
880 3891 997 3918 custodes
1009 3900 1099 3917 earum
1114 3890 1321 3925 diligentissimos

269 3927 340 3953 ciues
353 3927 490 3959 creassent,
510 3935 577 3959 quos
590 3928 683 3953 Graeci
695 3927 857 3960 νομὸφύλακας
869 3928 1007 3961 appellant.
1079 3927 1135 3954 Cic.
1151 3926 1183 3953 de
1196 3926 1285 3960 Legib.
1300 3935 1322 3960 3,

269 3965 307 3995 46
319 3972 341 3989 c.
356 3973 388 3989 20
422 3962 515 3989 Graeci
526 3961 576 3988 hoc
589 3962 756 3996 diligentius,
774 3962 843 3997 apud
856 3972 922 3997 quos
935 3962 1090 3995 νομοφύλακες
1102 3968 1238 3989 creantur:
1276 3972 1322 3988 nce

270 3997 300 4025 hi
312 3999 398 4027 solum
409 3997 499 4027 literae
515 4001 595 4033 (nam
608 3992 757 4034 idquiclem
767 3999 848 4027 etiam
861 3997 928 4034 apud
940 3999 1053 4028 maiores
1067 3998 1170 4028 nostros
1182 3998 1373 4034 εἰκῆ-1111105
1383 4007 1433 4036 ῳ,
1442 4006 1482 4031 24.

939 2562 1052 2599 Qidam
1071 2561 1134 2587 libri
1156 2560 1310 2587 Nomencu-
1327 2557 1358 2587 65
1373 2559 1429 2586 Cic.
1443 2561 1522 2587 Verr.
1537 2571 1548 2588 2
1563 2569 1633 2595 c.37.

1137 2923 1177 2947 De
1199 2919 1316 2956 populari
1332 2919 1360 2944 35
1377 2918 1473 2945 formis
1489 2929 1494 2944 :
1532 2928 1555 2945 et
1575 2921 1634 2945 aliis
1655 2920 1724 2947 lacis.

913 3103 1034 3136 Oppidum
1049 3102 1076 3127 in
1090 3102 1161 3128 Latio
1173 3111 1221 3127 non
1231 3101 1318 3136 procul
1331 3104 1364 3128 80
1377 3099 1454 3126 Verr.
1469 3106 1498 3131 ς,
1515 3109 1559 3132 171.

1334 3284 1364 3314 85
1380 3285 1404 3307 te
1416 3278 1505 3305 decem
1519 3279 1577 3305 dari
1598 3287 1724 3313 oportere
1744 3279 1897 3313 intendere,
1924 3278 2004 3311 quia,
2029 3285 2074 3304 etc.

939 3460 1079 3487 Diuiditur
1092 3469 1119 3486 111
1140 3460 1320 3494 praefecturas
1332 3466 1366 3491 90
1379 3460 1444 3487 Non
1457 3460 1494 3485 Ita
1507 3458 1614 3492 antiqua
1628 3459 1762 3485 simulacra
1790 3457 1827 3484 ld.
1844 3459 1921 3483 Vcrr.
1935 3467 1962 3490 4,
1979 3467 2026 3484 no.

1370 2416 1435 2443 Non
1451 2417 1638 2444 Disertissimus
1665 2420 1744 2453 Apul.
1758 2420 1836 2455 Apol.
1873 2423 1893 2446 i.
1920 2419 2027 2445 maxime
2042 2419 2139 2452 infans.
2210 2417 2276 2444 Non
2295 2416 2349 2443 Diu
2369 2415 2442 2452 apud

1370 2451 1441 2492 hunc
1456 2453 1554 2479 seruies
1586 2455 1667 2482 Plaut.
1682 2456 1750 2481 Pers.
1763 2467 1791 2488 4,
1805 2464 1839 2487 4,
1853 2457 1892 2486 ὅς.
1967 2455 2032 2481 Non
2052 2454 2140 2481 Dubie
2172 2453 2240 2480 Plin.
2259 2452 2338 2487 Epist.
2352 2462 2380 2484 ς,
2399 2461 2440 2486 14.

1373 2489 1429 2514 Cic.
1444 2489 1514 2515 Fam.
1531 2499 1569 2520 ις,
1583 2499 1601 2523 4
1636 2491 1665 2517 Et
1679 2491 1848 2525 prouinciam
1860 2496 1997 2521 ornatam,
2024 2496 2050 2516 et
2062 2491 2134 2524 spem
2148 2498 2203 2523 non
2217 2488 2334 2515 Dubiam
2347 2489 2440 2516 trium.

1372 2524 1420 2558 phi
1432 2525 1547 2559 neglexi.
1620 2526 1686 2553 Non
1700 2527 1761 2552 Erat
1777 2526 1934 2558 obscurum,
1960 2526 2025 2560 quid
2045 2525 2130 2552 hoino
2149 2524 2288 2559 improbus
2311 2525 2437 2560 cogitaret

1422 2596 1425 2597 ⁷
1594 2592 1597 2593 ⁷
1705 2561 1770 2588 Non
1787 2561 1826 2587 Est
1840 2561 1978 2587 confilium
1992 2561 2024 2587 fic
2039 2562 2125 2587 facere
2153 2560 2222 2587 Ter.
2237 2561 2302 2587 Hcc.
2318 2571 2342 2594 3,
2357 2569 2385 2593 4,
2397 2569 2438 2592 44.

1376 2596 1440 2622 Νο11
1455 2595 1505 2622 hoc
1520 2597 1551 2622 de
1566 2597 1656 2623 nihilo
1669 2597 1725 2630 Est,
1747 2597 1818 2631 quod
1840 2596 1938 2623 Laches
1958 2605 2028 2623 nunc
2044 2605 2087 2623 nie
2102 2602 2264 2622 conuentum
2279 2597 2328 2623 esse
2341 2594 2443 2630 expetit

1374 2631 1414 2658 1d.
1430 2631 1496 2658 ibid.
1512 2642 1564 2667 5,1‚
1582 2642 1599 2659 1.
1672 2633 1738 2659 Non
1753 2634 1789 2658 ita
1806 2633 1859 2659 Est:
1896 2632 1938 2659 sed
1957 2632 2182 2667 vniuscuinsque,
2202 2639 2250 2658 etc.
2284 2632 2341 2658 Cic.
2362 2632 2442 2657 Verr-

1375 2675 1402 2700 1,
1423 2670 1459 2695 16.
1532 2669 1597 2695 Non
1611 2669 1653 2695 Est
1665 2668 1702 2695 ita
1715 2668 1816 2695 Iudices
1825 2690 1833 2704 ,
1857 2677 1912 2694 non
1926 2668 1967 2695 Est
1980 2668 2106 2703 profecto
2154 2667 2227 2695 Idem
2241 2676 2292 2702 pro
2304 2668 2387 2694 Flacc.
2399 2674 2443 2698 52⁴

1377 2703 1443 2730 Non
1459 2704 1500 2730 Est
1515 2705 1587 2739 quod
1601 2711 1702 2744 metuas
1716 2713 1804 2739 preces
1828 2705 1932 2739 iniquas
1959 2704 2075 2731 Martial.
2088 2713 2115 2736 ς,
2131 2706 2156 2730 6.
2228 2703 2294 2730 Non
2307 2703 2443 2765 Est’I-Imn

2398 2747 2443 2766 or.

1375 2775 1455 2810 Epist.
1472 2786 1492 2808 1,
1510 2785 1541 2809 12,
1556 2785 1568 2808 3
1590 2777 1654 2802 Non
1670 2776 1727 2809 Est,
1749 2782 1777 2804 vt
1790 2777 1864 2811 copia
1879 2776 1966 2803 maior
1980 2776 2021 2803 Ab
2034 2777 2099 2804 Ioue
2113 2775 2208 2802 donari
2222 2774 2296 2810 possit
2309 2774 2377 2808 tibi,
2395 2782 2443 2802 etc.

1375 2811 1393 2837 ι’.
1411 2810 1488 2837 Nulla
1501 2813 1668 2847 rmivneficri
1680 2812 1770 2849 potest,
1791 2819 1819 2839 vt
1833 2812 1909 2847 copia
1923 2812 2028 2845 maior,
2047 2819 2092 2838 etc.
2127 2820 2150 2838 et
2163 2812 2201 2837 im
2216 2814 2350 2846 loquuntur
2363 2812 2444 2837 Grae-

1376 2847 1414 2878 ci,
1433 2846 1463 2874 ἐκ
1479 2844 1525 2875 ἕςιν
1545 2852 1613 2877 ὅπως.
1865 2878 1873 2883 .

1376 2884 1431 2916 496
1464 2883 1554 2915 Quare
1574 2893 1627 2911 non
1642 2884 1694 2917 est,
1720 2890 1748 2911 vt
1768 2884 1876 2911 credere
1897 2884 1972 2919 poffis
1992 2885 2047 2911 Effe
2065 2883 2178 2911 infinitis
2198 2883 2319 2910 distantia
2340 2881 2444 2909 semina

1797 2921 1852 2947 Cic.
1866 2921 1898 2947 de
1912 2920 2019 2947 Amicit.
2039 2929 2061 2952 5¹
2108 2920 2173 2947 Non
2193 2920 2278 2953 Igitur
2297 2919 2443 2954 vtilitatem

1377 2954 1508 2988 amicitia,
1527 2955 1568 2982 sed
1584 2956 1682 2982 vtilitas
1696 2956 1840 2983 amicitiam
1855 2957 2015 2992 consequuta
2027 2956 2072 2984 esi.
2130 2957 2172 2982 Sic
2188 2955 2254 2982 Non
2274 2956 2344 2990 Ergo
2362 2959 2444 2981 erunt

1378 2990 1500 3017 homines
1512 2991 1614 3018 deliciis
1628 2992 1776 3019 diffluentes
1791 2992 1934 3026 audiendi,
1953 3001 1997 3019 etc.
2071 2991 2204 3025 Qxinc-lil.
2218 3000 2243 3024 9,
2258 3000 2270 3017 2
2291 2990 2444 3018 Periculum

1376 3031 1494 3059 tantum,
1514 3037 1567 3054 11011
1583 3028 1668 3055 Etiam
1684 3028 1781 3055 offensa
1794 3030 1902 3056 vitatur.
1975 3028 2041 3056 Plin.
2057 3037 2079 3061 2,
2094 3039 2104 3061 3
2128 3028 2169 3054 An
2184 3027 2213 3053 fit
2225 3027 2378 3060 immensus,
2385 3034 2443 3053 non

1378 3062 1464 3089 Facile
1476 3063 1599 3090 dixerim.
1672 3064 1738 3091 Non
1752 3065 1818 3091 Fere
1837 3065 1977 3100 quisquam
1996 3064 2100 3091 nostrae
2117 3063 2261 3091 industriae
2281 3063 2354 3089 fauet
2382 3062 2444 3090 Cic.

1630 3100 1704 3127 Idem
1725 3109 1774 3135 pro
1794 3101 1861 3127 Sext.
1876 3110 1898 3130 51
1932 3101 2055 3134 Denique
2070 3109 2101 3126 ex
2113 3099 2205 3126 bellica
2226 3098 2359 3131 victoria,
2385 3106 2443 3125 non

1377 3135 1441 3162 Fere
1454 3144 1614 3170 quemquam
1628 3136 1664 3163 est
1680 3136 1783 3163 inuidia
1797 3136 1897 3162 ciuium
1911 3138 2078 3170 consequuta.
2149 3134 2222 3161 Idem
2237 3133 2269 3160 de
2283 3134 2390 3160 Amicit.
2403 3141 2442 3169 74

1378 3170 1457 3204 Qiod
1466 3180 1520 3197 11011
1533 3172 1598 3198 Ferc
1610 3173 1758 3207 contingit,
1782 3172 1830 3198 nisi
1845 3172 1886 3206 iis,
1901 3173 1947 3206 qui
1960 3172 2039 3198 etiam
2053 3169 2260 3197 contemnendos
2274 3171 2298 3196 se
2310 3169 2443 3197 arbitran-

1378 3213 1430 3234 tur.
1504 3207 1592 3234 Obrui
1606 3215 1712 3242 oportet
1727 3217 1782 3234 non
1796 3208 1973 3243 Frigidiffimo
1989 3208 2048 3233 loco
2076 3205 2182 3232 Colum.
2201 3215 2236 3237 11,
2250 3214 2270 3238 3.
2309 3209 2328 3232 i.
2353 3213 2443 3241 tempe·

1378 3250 1441 3270 rato.
1513 3243 1654 3270 Iuriscons.
1687 3245 1778 3277 Quini
1791 3244 1880 3271 decem
1894 3250 1921 3269 tu
1934 3243 1990 3269 dari
2004 3242 2139 3277 stipulatus
2154 3242 2199 3275 lis,
2224 3251 2281 3268 non
2294 3241 2357 3268 Ideo
2370 3242 2441 3276 polse

2113 3286 2140 3303 vt
2160 3284 2220 3303 ante
2238 3279 2363 3304 habm'mus
2384 3285 2441 3304 non

1379 3314 1515 3342 continuo.
1588 3315 1651 3341 Non
1666 3315 1872 3351 [inperitiffiinus
1886 3314 2048 3340 conliliarius
2076 3314 2131 3340 Cic.
2141 3314 2212 3340 Fam.
2228 3323 2247 3344 1,
2260 3323 2275 3347 9
2286 3320 2327 3349 pr.

1380 3352 1411 3378 de
1424 3351 1524 3377 Senecl.
1536 3360 1564 3383 74
1590 3352 1707 3378 Mortem
1722 3350 1847 3378 omnibus
1861 3349 1934 3376 horis
1949 3349 2144 3384 impendentem
2160 3350 2273 3382 timens,
2293 3350 2352 3383 quis
2366 3356 2441 3383 pote.

1381 3388 1416 3415 rit
1429 3386 1518 3414 animo
1531 3386 1686 3414 constitere?
1708 3388 1746 3413 De
1760 3395 1810 3421 qua
1826 3395 1880 3412 non
1894 3387 1930 3412 Ita
1946 3385 2024 3419 longa
2039 3385 2216 3420 disputatione
2230 3394 2296 3420 opus
2310 3385 2358 3410 ess'e
2368 3384 2440 3410 vide.

1488 3422 1528 3448 Sic
1546 3422 1611 3448 Non
1632 3424 1670 3449 Ita
1689 3423 1778 3449 multis
1797 3428 1856 3447 ante
1875 3422 1952 3447 annis
1995 3422 2051 3448 Cic.
2066 3431 2115 3457 pro
2129 3422 2204 3448 Rosc.
2218 3418 2304 3447 Ame‘r.
2319 3423 2350 3451 64
2365 3429 2387 3446 c.
2402 3429 2440 3452 23.

2098 3458 2162 3484 Non
2177 3459 2213 3484 Ita
2228 3456 2338 3483 inultum
2352 3462 2441 3483 tecum

1740 3494 1805 3519 Nou
1820 3495 1857 3520 Ita
1872 3494 1957 3519 11111111»
1972 3493 2023 3526 cst,
2047 3502 2094 3528 per
2106 3501 2150 3519 etc.
2174 3493 2281 3523 [111-55,
2298 3501 2326 3517 11.
2365 3492 2438 3526 Cous.

1682 3529 1720 3557 Id.
1733 3529 1804 3555 Fam.
1818 3537 1850 3563 7,
1870 3540 1881 3559 5
1913 3530 1960 3556 Sed
1973 3539 2049 3555 more
2065 3530 2186 3555 Romano
2200 3527 2337 3561 quomodo
2351 3527 2439 3554 homi.

1382 3577 1428 3594 nes
1447 3575 1500 3593 non
1519 3565 1602 3599 Inepti
1625 3564 1786 3599 loquuntur,
1813 3565 1968 3600 probiorem
1989 3566 2142 3597 hominem,
2174 3563 2314 3589 meliorem
2333 3564 2439 3596 virum,

1383 3601 1580 3637 prudentiorem
1594 3602 1642 3626 elle
1657 3602 1801 3628 neminem.
1873 3602 1936 3628 Non
1951 3601 2119 3629 Inertiss‘nnus
2131 3600 2213 3625 homo
2247 3599 2284 3625 Id.
2298 3599 2390 3625 Diuin.
2408 3599 2438 3626 111

1586 3636 1649 3663 Non
1667 3637 1768 3664 Iniuria
1793 3638 1861 3664 Ter.
1877 3638 1958 3664 Andr.
1973 3647 1998 3673 1,
2014 3647 2038 3670 1,
2051 3645 2087 3669 33.
2160 3634 2223 3660 Non
2239 3634 2457 3661 Iucundiffimus-¹

1383 3677 1436 3702 Ser.
1450 3673 1576 3709 Sulpicius
1591 3672 1621 3698 ad
1635 3673 1689 3699 Cic.
1707 3674 1777 3701 Fani.
1789 3684 1813 3706 4,
1828 3682 1860 3700 12.
1933 3673 2014 3700 Piaut.
2030 3672 2096 3699 Pers.
2111 3679 2134 3702 2,
2148 3679 2169 3702 3,
2183 3678 2195 3701 ς
2223 3670 2302 3703 Quod
2317 3679 2368 3704 ego
2381 3677 2438 3696 non

1384 3712 1468 3744 Magis
1482 3707 1658 3738 somniabam,
1684 3718 1769 3743 neque
1790 3709 1935 3744 opinabar,
1959 3717 2043 3744 neque
2061 3705 2205 3733 censebam.
2279 3706 2349 3732 Paul.
2370 3706 2397 3732 111
2417 3705 2437 3732 1.

1383 3743 1515 3774 fistulam.
1528 3746 1554 3771 in
1568 3744 1681 3779 princip.
1703 3745 1734 3771 1).
1747 3745 1777 3771 de
1793 3745 1886 3772 Seruit.
1901 3745 1960 3771 vrb.
1976 3742 2060 3779 praed.
2082 3741 2130 3767 Sed
2144 3750 2198 3767 non
2214 3743 2282 3776 posse
2297 3741 2438 3776 prohiberi

1383 3784 1501 3809 vicinum
1511 3801 1520 3814 ,
1538 3787 1584 3806 etr.
1629 3790 1681 3806 11011
1702 3782 1786 3816 Magis
1800 3790 1878 3815 quam
1893 3781 1909 3807 fi
1925 3780 1988 3806 velit
2000 3780 2028 3805 in
2041 3777 2161 3803 triclinio
2175 3778 2235 3810 suo,
2261 3778 2302 3804 vel
2317 3778 2345 3804 in
2364 3776 2437 3803 cubi-

1763 3819 1803 3843 Sir·
1817 3818 1847 3843 ln
1866 3815 1979 3843 dicendo
1991 3813 2083 3845 irasci,
2109 3813 2215 3845 dolere,
2243 3813 2379 3846 misereri,
2405 3813 2437 3839 ti-

1383 3863 1470 3887 mere,
1490 3852 1634 3885 confidere,
1655 3860 1840 3882 contemnere,
1859 3862 1911 3879 non
1925 3852 1983 3877 sinit
1997 3849 2111 3883 figurae,
2132 3858 2184 3874 ΠΟῒῐ
2199 3850 2283 3883 MagiS
2297 3849 2435 3883 9113111ίῖιᾶ-

1383 3890 1464 3923 dere,
1483 3888 1578 3916 minari
1591 3909 1598 3920 ‚
1620 3898 1728 3923 rogare,
1749 3889 1870 3916 excusare
1895 3885 2026 3919 Q1inffil.
2041 3893 2067 3917 9,
2085 3894 2101 3916 1,
2116 3893 2154 3917 23.
2227 3886 2295 3911 Ter.
2309 3884 2402 3917 Ε1111.2,
2411 3892 2436 3918 2,

1383 3935 1411 3958 43
1443 3925 1491 3952 Sed
1510 3923 1574 3959 quid
1595 3925 1701 3951 videtur
1720 3925 1770 3951 hoc
1799 3924 1849 3950 tibi
1871 3921 2046 3956 mancipium?
2085 3927 2109 3946 P.
2136 3929 2190 3946 non
2211 3921 2311 3947 Malum
2339 3921 2434 3946 hercle.
2470 3942 2473 3943 .

1383 3962 1440 3988 Cic.
1455 3963 1531 3989 Verr.
1545 3969 1568 3993 3,
1584 3963 1626 3987 166
1647 3962 1739 3987 Homo
1752 3970 1806 3987 non
1821 3959 1913 3986 Malus.
1987 3956 2051 3982 Non
2066 3956 2135 3983 Male
2149 3957 2226 3982 valeo
2260 3957 2339 3982 Plant.
2356 3955 2434 3989 Most.
2476 3962 2479 3964 ·

1557 3996 1620 4024 Non
1628 3998 1730 4031 Metuo,
1743 4006 1776 4024 ne
1784 3995 1848 4031 quid
1857 3994 1953 4027 dolcat,
1960 3991 2032 4028 quod
2041 3992 2120 4020 terias
2141 3993 2223 4020 Plaut.
2234 3991 2324 4019 Bacch.
2333 3998 2355 4024 ς,
2366 3998 2434 4053 ςίῇψ

2396 4032 2432 4056 Ν·

1380 3430 1433 3451 tur.

1381 3496 1432 3522 fuit
1456 3493 1494 3522 ld.
1507 3493 1572 3519 ibid.
1588 3503 1612 3526 2,
1627 3503 1667 3527 49.

1381 3532 1438 3559 Cic.
1452 3529 1505 3557 Off.
1517 3539 1529 3555 2
1549 3539 1571 3555 c.
1584 3532 1609 3556 6.

2367 1991 2439 2018 Non
2468 1987 2484 2014 s·

1652 2850 1716 2883 quod
1734 2849 1850 2883 loquendi
1869 2859 1944 2882 [scum
1964 2850 2046 2874 crebro
2065 2848 2168 2883 ’usurpat
2193 2847 2351 2881 Lucretius,
2370 2853 2444 2879 2¹32,
2463 2850 2465 2853 “
2497 2877 2507 2884 ἱ

2399 3313 2440 3340 Id,
2484 3323 2517 3333 ..1
