2517 4231
54 172 120 221 833
421 162 484 204 'P
575 159 610 201 E
688 160 722 202 R

55 265 121 296 gere.
156 254 214 283 Cic.
228 253 261 282 de
274 254 351 281 Orat.
364 261 385 286 ι,
401 260 445 286 159
465 260 488 278 c.
502 260 533 285 34
553 257 618 279 extr.
643 249 778 278 Libandus
792 249 829 276 est
842 248 924 277 etiam
940 257 972 275 ex
984 249 1060 277 omni
1073 258 1117 284 ge·

55 301 120 320 nere
133 290 292 319 vrbanitatis
305 290 462 317 facetiarum
477 287 587 323 quidam
603 288 692 322 lepos,
712 295 768 322 quo
786 291 914 320 tanquam
935 285 986 312 sale
1000 287 1117 320 persper-

55 334 134 363 gatui·
154 326 242 355 omnis
260 326 359 353 oratio.
429 326 498 351 Cato
518 333 541 351 c.
562 333 603 356 ¹30
627 322 776 350 Codicillos
796 321 948 356 oleaginos,
969 328 994 349 et
1015 329 1117 349 caetera

55 365 129 400 ligna
140 371 247 390 amurca
261 361 340 388 cruda
353 360 534 396 perspergito‚
553 366 578 387 et
592 361 620 386 in
633 359 686 386 sole
701 357 806 393 ponito.

93 406 109 426 Ρ
119 405 185 426 ERS
199 404 214 425 Ρ
225 399 262 424 'ic
276 404 283 422 l
296 404 316 424 ο
327 418 335 430 ,
361 397 432 432 spexi
442 417 450 430 ‚
471 396 606 432 specium,
630 397 683 422 ere·
721 391 841 433 [bipeda-i,
861 392 980 427 συνοςοὶω]
1017 395 1118 422 Intueri
1141 396 1156 424 5

55 441 81 462 et
95 434 230 471 diligenter
244 433 451 460 animaduertere.
488 433 605 460 Domum
625 438 685 457 cum
701 429 785 456 fabris
803 430 860 456 Cic.
876 430 948 457 Fam.
963 439 991 463 9,
1006 439 1030 463 ις
1050 436 1116 457 extr.

105 479 128 496 m
140 473 260 497 nimirum
273 477 383 496 emturus
397 476 462 496 erae.
499 467 568 496 Add.
581 466 620 493 Id.
629 467 707 493 Verr.
721 474 740 499 4
763 474 785 491 c.
798 471 828 496 28
848 473 914 493 extr.
971 466 1045 492 Aliae
1058 475 1116 501 per-

67 506 188 542 peximus
202 505 281 533 vrbes
295 505 378 533 Ouid.
393 515 425 532 ex
441 506 514 532 Pont.
529 512 553 534 2,
568 512 605 534 10,
619 510 654 528 21.
728 501 785 528 Cic.
802 502 874 528 Fani.
891 511 914 534 i,
931 511 947 529 2
972 502 1117 537 Perspicie-

55 542 120 570 bant
145 542 218 569 enim
244 542 273 568 in
297 541 435 569 Hortensii
463 539 620 568 sententiani
643 537 735 564 multis
759 538 878 573 partibus
903 538 992 573 plures
1019 538 1115 564 ituros.

55 579 130 606 Caes.
144 578 208 605 Bell.
225 578 295 605 Gall.
311 587 336 612 2,
353 587 375 605 ii
397 580 435 612 Q

55 614 113 642 Cic.
131 622 182 649 pro
195 614 265 641 Sulla
286 617 321 649 76
351 613 493 648 Perspicite
506 610 588 637 ctiam
607 614 687 644 atque
709 611 808 643 etiam,
827 610 952 637 Iudices:
978 609 1047 636 nihil
1068 608 1116 641 est,

54 649 128 691 quod
143 650 173 676 in
188 650 235 677 hac
250 652 325 677 causa
338 649 393 676 dici
406 647 479 684 polIit
493 646 677 673 vehementius
692 656 699 677 ;
732 647 837 682 penitus
858 645 1024 680 introspicite
1042 645 1115 672 Cati.

53 685 137 721 linae,
156 687 295 720 Autronii,
315 684 436 719 Cethegi,
452 682 575 713 Lentuli,
593 690 815 718 caeterorumque
831 688 942 714 mentes,
955 688 1002 708 etc.
1038 680 1116 718 Coris.

52 722 161 750 Lucret.
178 730 198 754 ι,
213 727 275 758 478.
343 720 492 754 Perspicerc
511 717 581 745 vnde
598 725 673 745 natus
695 719 725 746 lit
742 727 820 746 error
839 718 896 744 Cic.
909 716 942 743 de
955 717 1014 745 Fin.
1031 726 1058 750 1,
1078 725 1114 750 52.

54 757 121 785 Non
134 758 195 785 satis
208 758 340 794 perspicio
354 756 400 783 ista
413 755 543 787 varietas,
555 763 622 789 quac
636 754 666 781 sit
679 755 719 781 1d.
734 755 767 781 de
776 755 834 781 Fin.
843 761 909 786 2,10
928 762 950 779 c.
960 762 983 786 3.

53 794 84 821 in
97 802 204 829 quaque
216 803 246 821 re
259 801 353 820 verum
366 791 549 826 sincerumque
562 790 602 823 iit,
618 790 684 826 quid
696 791 899 817 consentaneum
915 789 1028 824 cuique:
1048 788 1115 823 quid

52 831 232 865 consequens,
249 837 282 856 ex
300 836 355 863 quo
373 836 496 863 quaeque
516 827 675 862 gignantur,
695 834 764 861 quae
783 825 914 860 cuiusque
933 825 973 851 rei
990 825 1064 851 causa
1085 824 1116 850 sit

50 863 200 901 perspice‘re
215 865 271 892 Cic.
283 863 337 891 Off.
352 873 376 897 2,
391 870 424 894 18.
531 864 600 890 Cum
615 861 726 889 consilio
738 867 765 889 et
778 869 841 888 cura
854 869 913 887 rem
925 860 1045 895 aliquam
1059 869 1116 895 per-

50 902 152 936 spicere
166 899 205 928 ld.
221 901 253 927 de
265 900 372 927 Inuent.
386 909 409 933 2,
422 907 461 934 17-
533 899 620 926 Altius
633 899 797 934 perspicere,
816 896 868 924 vid.
883 903 999 923 ALTVS.
1067 897 1116 923 Fa-

49 937 153 964 cillime
166 942 193 964 et
206 937 309 972 optime
329 937 385 963 Cic.
399 937 471 964 Fani.
487 944 513 967 1,
533 944 555 962 ε.

30 986 33 993 ·
67 973 131 1000 estas
146 973 252 1001 Lucret.
268 981 289 1005 1,
305 980 368 1007 479.
442 971 552 999 Rec‘iius
567 969 715 1005 perspicere
728 969 832 1005 aliquid
851 968 889 995 Id.
905 977 926 1002 ι,
942 973 991 1001 138-
1046 969 1114 996 Cau-

34 1011 37 1014 ”
49 981 103 1037 gin
117 1014 202 1036 totam
215 1009 365 1044 perspicere
376 1013 402 1035 et
416 1007 577 1043 pertractare
591 1007 649 1033 Cic.
664 1006 696 1033 de
704 1007 778 1033 Orat.
791 1014 816 1037 2,
826 1010 877 1038 318.
973 1004 1049 1031 Ideni
1064 1013 1114 1039 pro

35 1045 80 1073 ⁴1..
95 1045 191 1072 Manil.
206 1048 235 1073 16
255 1055 276 1073 c.
292 1054 308 1077 9
337 1044 422 1072 Multa
441 1050 581 1079 praetereo
601 1042 738 1075 consulto,
762 1041 806 1068 sed
830 1049 860 1068 ea
882 1049 930 1067 vos
949 1040 1114 1068 Coniectura

29 1102 34 1106 .
82 1081 208 1116 rspicitis.
280 1082 352 1109 Cura
364 1080 443 1115 vigili
459 1079 627 1114 perspexerat
639 1079 731 1105 onmia
746 1077 907 1105 Ouid.Met.
921 1086 956 1110 ις,
969 1079 1009 1110 65.
1056 1077 1113 1104 Cic.

48 1086 129 1144 verr.
143 1126 166 1150 2,
181 1126 193 1150 3
213 1126 234 1145 c.
249 1126 264 1144 2
289 1117 373 1144 Cuius
390 1116 419 1142 iii
432 1115 522 1142 Sicilia
541 1114 672 1141 virtutem
685 1114 786 1146 hostes,
807 1113 1022 1142 miscricordiam
1035 1112 1153 1147 vi&i‚25
1182 1114 1286 1149 possunt
1300 1114 1450 1149 perspirare
1465 1115 1495 1141 in
1509 1122 1568 1142 toto
1583 1125 1706 1152 corpore.

40 1153 69 1190 „F
71 1153 143 1180 idem
163 1154 261 1181 caeteri
275 1152 358 1180 Siculi
372 1152 570 1187 perspexerunt.
676 1151 776 1178 Fronte
794 1153 841 1182 (vt
855 1150 948 1182 aiunt)
967 1158 1058 1176 meum
1073 1158 1115 1177 er-

47 1198 80 1224 ga
96 1195 122 1216 te
135 1198 254 1217 amorem
270 1189 416 1224 perspicere
430 1187 554 1223 potuisses
568 1185 701 1214 Id.Attic..
712 1196 750 1222 14,
764 1194 789 1219 13
808 1187 846 1213 Ex
862 1186 952 1213 fronte
966 1186 1116 1221 perspicere

47 1225 171 1259 dicimur,
189 1225 254 1261 quod
263 1223 356 1258 statim
375 1231 399 1251 et
417 1224 486 1251 velut
503 1223 556 1259 ipso
566 1225 690 1259 protinus
709 1222 811 1285 occure:
819 1225 985 1258 perciffimus.
1058 1222 1114 1249 Na-

47 1267 135 1288 turam
152 1262 204 1288 loci
219 1262 292 1288 Caes.
309 1261 408 1288 B.Ciu.
422 1269 442 1293 i,
456 1262 500 1286 66.
596 1258 653 1286 Cic.
667 1258 700 1285 de
714 1259 780 1294 Legi
802 1278 808 1285 .
821 1268 847 1291 2,
861 1267 893 1292 59
915 1260 1006 1293 Qium
1020 1259 1046 1285 se
1058 1258 1114 1293 ipse

425 585 458 604 ua
470 576 503 603 de
515 574 591 602 causa
604 573 787 605 discederent,
804 574 924 601 nondum
939 574 1115 608 perspexerat.
1143 578 1174 598 io
1222 580 1236 600 P
1246 580 1263 600 ε
1273 580 1291 599 R
1300 579 1312 598 s
1321 581 1335 600 r
1346 581 1355 599 1
1366 579 1382 600 c
1392 582 1413 601 A
1422 582 1438 601 c
1448 573 1462 601 ἶ
1470 581 1492 601 Τ
1501 584 1522 603 Α
1533 584 1545 603 s
1555 596 1561 607 ,
1580 579 1637 604 fitis.
1661 578 1681 605 f.

1039 752 1115 787 Qud
1135 760 1162 788 15
1182 753 1322 788 spicaciter
1334 753 1362 779 in
1383 752 1477 780 uisitis.

647 934 776 961 Funditus
797 932 945 968 perspicere
963 940 1056 959 omues
1074 940 1116 959 res
1128 939 1164 958 20
1183 942 1222 968 14,
1236 939 1258 966 ς,

1604 161 1866 206 PER
2180 190 2252 237 834

1207 257 1262 295 ¹¹²13
1273 257 1291 277 R
1303 256 1316 276 s
1326 247 1363 290 Pl,
1373 257 1389 278 c
1399 257 1419 278 Α
1431 258 1466 285 x,
1486 251 1549 278 acis.
1586 252 1647 280 Adi.
1684 252 1844 288 [πανόπτηὴ
1858 258 1948 285 ovini,
1985 260 2113 298 δωραῃχες
2157 284 2161 289 ,

1187 288 1245 322 not]
1267 287 1472 328 ,Cotljrdcratlutx
1491 295 1588 328 acussft.
1626 289 1683 316 Clc'·
1696 289 1750 317 Off-
1764 299 1788 323 3,
1808 295 1841 324 98
1868 300 1890 318 ί·
1903 296 1937 320 26
1956 284 2042 330 ’thd
2062 304 2090 330 nl
2103 282 2249 336 flag-‘⁹⁹⁸3-

1186 323 1321 358 perspicax
1336 325 1475 358 prudentia
1514 324 1592 351 Istius
1607 327 1741 361 percepset
1759 326 1920 354 malitiosam
1937 333 2079 364 audaciam.
2120 352 2131 367 f
2144 354 2148 358 .
2163 318 2210 370 ἕῳ,
2226 319 2249 337 ¹⁸

1187 359 1370 399 Ten-licant.
1385 368 1407 392 5,
1424 368 1467 400 l,'l
1495 361 1550 395 Ego
1564 371 1607 388 inc
1622 370 1676 389 non
1694 370 1748 389 tam
1762 363 1892 396 astutum,
1912 373 1999 400 neque
2019 370 2055 397 ita
2073 354 2155 406 persa'
2167 389 2172 394 ·
2184 353 2249 373 ‘ma'

1188 395 1246 425 effe,
1261 394 1288 420 id
1303 395 1365 421 scio.
1421 396 1541 423 Cic.Olf.
1551 406 1626 429 i,100
1648 399 1763 426 Acutum
1776 400 1945 435 etPcrspicax
1959 405 2109 437 coniunxit.
2132 388 2248 442 pllgccm

1186 429 1265 465 Apul.
1282 430 1347 457 Met.
1359 439 1374 457 2.
1395 440 1419 465 p.
1435 440 1482 465 ¹24
1511 433 1691 468 Perspicacior
1704 435 1811 467 Lynceo
1825 437 1867 463 vel
1882 438 1964 472 Argo.
2184 424 2248 452 ‘'ml''

1222 473 1237 492 Ρ
1246 472 1262 492 Ε
1273 472 1290 491 R
1300 472 1312 491 s
1322 473 1336 491 P
1348 474 1356 493 ι
1367 471 1383 492 c
1395 474 1416 493 Λ
1425 474 1442 494 c
1455 475 1462 493 ι
1475 475 1496 495 Α
1506 489 1515 501 ,
1535 478 1576 510 εις.
1612 469 1632 496 f.
1669 470 1796 506 [σύνεσις]
1831 472 2001 506 Corfideratio
2013 483 2037 502 et
2051 487 2156 507 acumen.
2189 486 2236 514 Cic

1185 502 1239 528 Att.
1255 509 1291 545 ¹.3’
1307 504 1335 527 16
1355 502 1480 542 Tandem
1501 513 1516 531 a
1529 506 1660 533 Cicerone
1683 507 1855 541 tabellarius,
1874 509 1917 535 sed
1933 509 2086 540 mehercule
2101 516 2194 546 literae
2209 508 2244 548 m·

1183 548 1316 570 πινωμενως
1329 538 1457 572 scriptae,
1478 541 1551 574 quod
1565 541 1652 576 ipsum
1671 544 1857 578 perspicaciam
1871 545 1989 581 aliquam
2001 548 2166 583 signiticaret.
2242 541 2249 545 ’

1211 609 1216 613 .
1517 613 1525 617 ⁴
1703 579 1751 612 [τὸ
1764 581 1911 614 avions-anda
1924 583 2063 612 Onomast.
2073 588 2129 614 Vet-
2147 596 2148 612 l
2174 591 2249 619 Idem.

1184 609 1241 636 Cic.
1257 610 1311 648 Att..
1328 618 1355 642 1,
1369 615 1394 640 18
1414 617 1479 637 extr.
1507 612 1558 638 hisi
1569 622 1611 653 'cx
1627 614 1677 646 iis,
1695 624 1763 650 quae
1780 617 1946 653 scripsimus,
1964 625 2037 648 tanta
2052 631 2079 649 es
2094 627 2250 660 perspicaci-

1184 651 1254 677 tate,
1273 651 1354 671 ctiam
1370 655 1384 672 a
1399 655 1441 673 me
1456 654 1511 673 non
1526 648 1621 682 scripta
1636 651 1770 685 perspicis.
1809 655 1839 680 In
1854 654 1998 690 quibusdam
2016 662 2197 695 exemplaribus
2209 662 2252 690 de-

1175 680 1324 716 fiderantur
1337 682 1397 707 haec
1410 682 1485 723 verbua
1494 700 1502 713 ‚
1522 683 1554 709 Es
1571 686 1778 719 perspicacitate.
1817 690 1894 725 EtJic
1907 691 2016 719 Gronou.

1221 723 1238 743 P
1249 723 1293 743 ER
1303 724 1315 743 s
1327 723 1342 743 Ρ
1353 724 1361 742 1
1372 723 1388 744 c
1400 723 1418 743 Α
1434 723 1452 744 c
1464 726 1471 744 1
1485 725 1532 746 TE
1542 726 1571 745 R.
1609 721 1679 748 Adu.
1713 724 1847 751 Ammian.
1862 735 1906 759 29,
1920 736 1929 753 ι
1951 728 2036 762 Qlel!
2049 733 2177 761 omnibu·
2191 744 2251 770 per-

1183 789 1224 817 bit
1242 789 1300 824 ipso
1317 798 1364 824 per
1378 789 1496 823 picacius
1508 755 1646 818 Phjgenlffgr.
1663 757 1758 786 Boeth.
1772 760 1880 789 conl-01⁹
1897 762 1992 791 Philon
2007 774 2020 798 3
2042 775 2104 795 met.
2120 778 2144 796 Π
2165 771 2248 800 Luce‘

1221 832 1236 853 Ρ
1244 832 1261 852 E
1272 832 1288 851 R
1299 832 1311 852 s
1320 832 1335 852 Ρ
1345 832 1379 866 19
1388 832 1409 852 Α
1419 833 1440 853 Τ
1450 832 1475 853 E.
1513 826 1582 853 Adu.
1601 834 1650 863 pro
1665 828 1856 866 perspicaciter.

1183 863 1274 896 Qiam
1289 862 1550 903 perspicate,uquam
1571 863 1694 899 benigne.

1221 904 1236 924 P
1245 905 1261 925 E
1272 904 1291 924 R
1301 904 1314 925 s
1324 905 1338 924 i>
1347 904 1357 923 1
1367 903 1384 924 c
1395 905 1417 925 A
1427 905 1461 925 131
1473 905 1530 939 ¹1¹⁵
1539 919 1546 930 ,
1567 908 1590 926 e.
1620 900 1682 942 Adi.
1719 902 1825 942 Tarsus
1840 904 1904 932 vrbs
1917 908 2098 942 perspicabilis
2112 913 2237 944 Ammian

1312 934 1417 960 Lumen
1433 933 1573 975 radiorum
1587 937 1760 977 perspi-cabile
1775 939 1913 968 Fortunat.
1922 942 2011 971 Carni.
2027 954 2048 978 3.
2241 937 2247 945 ι

1181 976 1481 1040 δὶιξςεῶὶςςᾞῐεὲὲἒὲΐι.
1492 977 1501 997 1
1511 977 1524 997 s
1532 993 1541 1007 ,
1566 980 1590 999 e.
1627 973 1689 1000 Adi.
1725 975 1876 1004 Pelluctdus.
1913 978 2020 1009 Vitruu.
2034 991 2062 1016 9,
2078 993 2097 1018 4
2122 986 2248 1038 Perspici-

1211 1048 1235 1084 *P
1247 1048 1264 1069 l:
1272 1048 1291 1068 R
1300 1049 1313 1069 S
1323 1048 1338 1067 P
1348 1044 1358 1067 i
1367 1048 1387 1067 R
1398 1048 1418 1067 O
1430 1061 1437 1074 ,
1458 1047 1511 1070 εἶτε.
1546 1043 1688 1079 Spiritum,
1706 1052 1751 1072 aut
1769 1047 1889 1088 liquorem
1908 1050 1967 1078 adeo
1980 1061 2143 1093 quemcunque
2163 1065 2248 1087 trans-

1180 1084 1287 1104 mittere.
1323 1078 1391 1104 Cato
1404 1078 1435 1105 R.
1445 1079 1475 1105 R.
1490 1088 1511 1105 c.
1522 1088 1566 1114 ¹57
1580 1081 1671 1106 Venae
1684 1082 1980 1146 omnfssdvi'fsfi'fflme
1993 1089 2052 1117 sunt
2064 1101 2095 1118 ex
2109 1094 2181 1127 cibo,
2192 1105 2248 1126 non

1217 1157 1233 1177 P
1242 1157 1259 1177 E
1268 1157 1288 1177 R
1298 1157 1310 1178 s
1320 1157 1334 1176 P
1345 1157 1353 1176 l
1363 1158 1375 1177 s
1383 1158 1396 1177 s
1405 1157 1433 1177 o.
1460 1150 1530 1178 Adu.
1554 1151 1762 1189 [πολυςζοαδέως]
1774 1129 1783 1145 l
1792 1129 1932 1192 qunffi'fflzt'
1943 1133 2036 1189 ῗξνᾶε,
2071 1164 2097 1190 pl
2101 1172 2153 1193 aut.
2165 1168 2247 1196 poen⁸

1179 1194 1207 1256 Ξῖ
1217 1193 1285 1256 ἓῖἷ
1306 1186 1729 1260 Ἓξᾶιρςὲιοᾶἒὲἰίεῖοιῗιοιῃίιιιιηῑ
1741 1192 1880 1227 aruspices,
1895 1196 2020 1231 perspisso
2034 1201 2132 1228 euenit.
2171 1203 2246 1233 Non.

1215 1264 1495 1292 PERSTABILIS‚
1516 1269 1539 1287 e.
1577 1260 1639 1287 Adi.

1895 833 1968 862 Non.
1985 845 2019 870 ii,
2032 847 2054 870 31
2074 848 2106 867 ex
2121 841 2250 874 Afranio:

1676 1262 1819 1296 Laudatur,
1828 1265 1956 1294 Vanestat
1970 1269 2074 1304 sanguis
2088 1273 2248 1308 perflabilis,

45 1298 228 1333 perspexerit,
252 1302 394 1332 tottii-nque
412 1296 534 1328 tentarit,
559 1295 708 1330 intelliget,
726 1294 956 1331 quemadmodum
978 1303 993 1321 a
1016 1299 1152 1324 natura30
1178 1294 1231 1321 offa
1248 1294 1396 1330 liquescant
1416 1295 1541 1323 Prudent.
1556 1296 1656 1332 Apoth.
1677 1301 1747 1325 1016.
1782 1300 1831 1327 Sed
1848 1301 1913 1328 ιἐεῗι
1926 1303 2009 1332 editur
2022 1309 2186 1344 perflabilis,
2204 1315 2249 1348 qui

28 1333 207 1361 ‚subornatus
228 1333 259 1360 ad
274 1334 359 1360 vitam
373 1332 494 1365 venerit,
514 1337 667 1367 quantaque
679 1331 854 1359 instrumenta
872 1330 969 1358 habeat
987 1331 1020 1357 ad
1041 1330 1113 1358 obti-

28 1366 160 1397 'flendam
175 1369 425 1404 adipiscendamque
438 1367 604 1404 sapientiam.
642 1367 672 1394 de
691 1369 797 1395 homine.
903 1366 997 1394 Studia
1016 1367 1114 1402 perspi-

45 1414 106 1433 eere
125 1412 151 1432 et
166 1406 260 1433 videre
280 1406 461 1441 frequentiam
481 1404 638 1439 aliquorum
657 1405 714 1432 Cic.
727 1404 808 1432 Catil.
824 1412 848 1437 ι,
861 1412 899 1431 21.
972 1403 1113 1431 Virtutem

15 1447 72 1478 -fet
90 1442 274 1477 integritatem
294 1441 408 1469 alicuius
426 1441 501 1468 Ideni
514 1442 592 1467 Verr.
606 1448 630 1472 3,
646 1449 664 1467 i.
735 1442 768 1468 Et
782 1441 862 1468 Attic.
878 1449 904 1472 ι,
918 1448 928 1466 ι
950 1440 1042 1473 Quini
1056 1449 1114 1475 pei·-

12 1461 156 1514 *Sopatro
169 1478 329 1505 Voluntatcs
341 1477 476 1505 nobilium
486 1497 493 1509 ,
512 1477 627 1504 scribam
647 1475 679 1502 ad
694 1483 729 1503 te.

42 1522 106 1542 vera
118 1514 257 1550 discemere
266 1525 273 1540 :
295 1513 446 1549 Plin.Epist.
455 1522 475 1545 ι,
488 1523 517 1540 ιο
538 1514 575 1540 Vt
589 1512 662 1539 enim
676 1511 709 1539 de
722 1512 836 1548 ρὶᾶοτε,
851 1512 991 1547 scalptore,
1007 1511 1112 1546 liotore,

22 1566 28 1573 .
43 1549 93 1577 nisi
107 1550 206 1578 artifex
225 1550 345 1578 iudicare
359 1561 365 1576 :
379 1550 428 1578 ‘ita
441 1549 488 1576 nisi
503 1549 605 1584 sapiens
618 1557 672 1575 non
687 1549 773 1584 potest
785 1549 934 1584 perspicere
955 1548 1111 1582 sapientem.

44 1586 208 1621 Perspicitur
222 1597 228 1613 :
263 1587 319 1614 Cic.
336 1586 368 1614 de
381 1587 486 1613 Inuent.
501 1595 521 1619 ι,
536 1589 566 1619 65
593 1586 631 1612 Ex
647 1593 676 1611 re
690 1584 764 1620 quod
779 1585 955 1620 perspicitur,
974 1590 1000 1611 ct
1013 1594 1110 1612 verum

43 1623 102 1650 effe
113 1622 291 1658 intelligitur,
311 1622 381 1650 nihil
401 1623 496 1649 attinet
516 1621 670 1657 approbari.
755 1622 807 1648 Res
827 1621 899 1656 ipsae
917 1621 1113 1657 perspiciantur

43 1658 152 1686 Luci-et.
165 1667 193 1692 4,
207 1667 264 1692 259.
565 1658 570 1662 ’

43 1703 90 1722 ves
103 1694 214 1729 quidam
227 1694 309 1722 amici
322 1695 380 1722 Cic.
393 1694 425 1721 de
436 1695 523 1721 Amic.
538 1697 569 1726 63
589 1702 610 1719 c.
626 1702 662 1724 17.
864 1692 884 1729 q
906 1702 923 1719 2
958 1695 998 1719 De
1009 1693 1113 1728 obscura

42 1730 149 1767 quadam
162 1740 210 1765 per
225 1726 434 1763 intermedium,
455 1737 485 1757 ve
502 1732 575 1756 aiunt
588 1725 751 1760 scholastici,
770 1727 863 1762 visione·
879 1728 937 1754 Cic.
952 1728 984 1754 de
997 1729 1074 1754 Orat.
1089 1737 1110 1760 i,

45 1768 87 1794 161
109 1776 131 1793 c.
146 1775 175 1800 35
195 1767 342 1801 Tanquam
356 1767 385 1793 in
398 1767 516 1800 aliquam
529 1764 691 1798 locupletem
710 1771 739 1789 ac
759 1764 887 1790 refertam
902 1763 1014 1789 domum
1031 1772 1112 1789 vene·

42 1803 114 1834 rim,
133 1811 188 1829 non
201 1803 331 1838 explicata
343 1802 430 1833 veste,
450 1809 538 1834 neque
555 1798 693 1834 proposito
711 1804 839 1832 argento,
859 1807 949 1832 neque
963 1798 1063 1824 tabulis
1083 1803 1110 1825 et

41 1837 122 1871 tignis
136 1839 223 1872 palam
242 1837 397 1869 collocatis,
418 1836 462 1863 sed
481 1835 523 1862 his
542 1834 670 1861 omnibus
691 1834 782 1861 inultis
802 1834 1007 1875 magnificisque
1027 1833 1150 1866 rebus43

40 1872 200 1900 consti-utitis
217 1882 247 1899 ac
262 1871 430 1900 reconditis:
457 1870 490 1898 fic
510 1869 593 1897 modo
611 1871 641 1897 in
658 1869 738 1897 Craffi
757 1870 883 1897 oratione
903 1869 1011 1897 diuitias
1029 1876 1110 1906 atque

39 1908 197 1936 ornamenta
216 1910 272 1936 eius
291 1918 338 1943 per
354 1906 485 1944 quaedam
504 1906 648 1934 inuolucra
666 1912 746 1941 atque
766 1907 951 1942 integumenta
971 1907 1109 1942 perspexi;

39 1944 84 1972 sed
99 1954 127 1972 ea
141 1954 201 1973 cum
215 1944 392 1980 contemplari
405 1953 550 1979 cuperem,
567 1944 615 1970 vix
632 1943 798 2004 adgpiciendi
813 1942 924 1978 potestas
938 1944 1000 1969 fuit.

76 1988 196 2008 PERSP
208 1988 352 2018 pcrvs,
372 1989 404 2013 a,
425 1989 479 2007 um.
516 1979 611 2006 Partic.
648 1980 665 2019 ἰ.
681 1981 829 2014 summm]
867 1979 942 2006 Caes.
957 1979 985 2005 Β.
999 1978 1067 2005 Gall.
1085 1987 1109 2011 2,

27 2010 70 2053 ’17
106 2018 208 2044 Eorum
231 2017 338 2044 dierum
361 2015 553 2043 consuetudine
573 2015 680 2042 itineris
702 2015 788 2041 nostri
808 2014 943 2041 exercitus
963 2014 1108 2048 perspee’ta.
1116 2016 1150 2042 50

39 2053 169 2080 Amicitia
182 2052 317 2087 perspecta
333 2051 432 2079 Catull.
446 2058 491 2085 97,
504 2053 531 2077 6.
617 2049 784 2083 Cognitum,
802 2049 988 2084 perspedhm,
1007 2049 1110 2076 iudica-

39 2095 98 2116 tum
117 2088 237 2115 animum
257 2089 372 2114 alicuius
389 2086 489 2113 habere
508 2085 565 2112 Cic.
586 2084 617 2111 ad
631 2085 705 2111 Brut.
723 2093 743 2111 1.
853 2086 990 2111 Contraria
1004 2095 1012 2110 :
1049 2086 1106 2112 Cic.

39 2133 91 2160 pro
107 2125 191 2151 Corn.
205 2123 279 2151 Balb.
294 2126 323 2150 16
348 2123 435 2150 Cuius
448 2122 533 2158 igitur
546 2121 636 2148 audita
649 2121 744 2147 Virtus
758 2119 925 2147 dubitationi
941 2120 1031 2147 locum
1051 2130 1107 2148 non

40 2160 133 2192 daret,
157 2159 237 2186 huius
258 2160 395 2195 praesens,
420 2166 528 2193 experta
550 2163 630 2192 atque
651 2157 786 2192 persptha
806 2156 1021 2184 obtrthatorum
1039 2166 1107 2184 voce

38 2196 162 2224 laedetur
175 2197 185 2222 3

38 2232 126 2268 speeia
139 2230 214 2259 Idem
228 2231 282 2259 Off.
296 2241 316 2264 i,
326 2239 384 2265 149-
491 2229 656 2258 Perscribere
670 2229 807 2263 perspecta
820 2235 846 2256 et
860 2229 998 2264 explorata
1011 2231 1104 2257 omnia

38 2269 72 2297 ad
93 2268 211 2303 aliquem
230 2268 288 2295 Cic.
307 2268 387 2294 Attic.
409 2275 438 2300 3,
457 2274 491 2300 15.
601 2266 743 2300 Comparat.
782 2266 858 2298 Qiid
876 2266 998 2293 omnium
1017 2266 1103 2293 oculis

38 2313 69 2333 ac
88 2304 224 2331 inentibus
239 2304 400 2339 perspeffius
420 2310 447 2330 et
466 2302 587 2329 clarius?
610 2301 667 2329 Cic.
682 2301 710 2328 in
727 2302 861 2329 Consolat.
936 2302 1032 2338 Superi.
1061 2302 1101 2329 Id.

39 2342 95 2369 Att.
106 2349 139 2373 ιι,
154 2349 165 2367 1
186 2341 301 2367 Omnem
317 2346 406 2366 autem
419 2340 489 2374 spem
503 2338 590 2365 liabeo
603 2338 1049 2379 existimationis‘priuatarumque
1062 2347 1103 2366 re-

39 2385 101 2404 rum
115 2377 144 2402 in
157 2383 202 2403 tua
217 2385 279 2411 erga
291 2385 335 2403 me
349 2375 418 2402 mihi
434 2374 635 2411 perspeeiissima
648 2373 846 2401 beneuolentia.
1109 2374 1145 2399 60

75 2418 115 2440 rr.
125 2418 143 2438 R
153 2419 167 2439 s
175 2419 191 2439 P
201 2419 217 2438 E
226 2419 243 2440 c
253 2419 274 2438 T
286 2419 314 2440 E.
349 2412 416 2439 Adu.
449 2409 633 2447 [διωραμένως]
670 2412 824 2448 Diligenter,
846 2409 926 2438 deae.
964 2409 1102 2446 Perspee'te

39 2454 66 2476 et
79 2446 155 2476 dofle
168 2448 257 2483 sapere
272 2449 355 2476 Plaut.
368 2448 428 2475 Mil.
444 2457 466 2480 3,
481 2457 502 2480 ι,
516 2450 565 2474 161.

76 2489 114 2512 PE
123 2489 139 2510 R
152 2491 164 2510 S
177 2490 193 2510 Ρ
202 2491 219 2511 Ε
229 2491 276 2511 CT
287 2492 293 2509 1
305 2492 323 2510 o
332 2507 341 2519 ‚
355 2485 422 2511 finis.
441 2484 461 2510 f.
486 2483 605 2510 Lactant.
614 2489 664 2514 2,8,
672 2485 703 2513 68
724 2483 882 2510 Terrenum
895 2482 995 2510 animal
1007 2491 1101 2511 rerum

40 2519 186 2546 caelestium
200 2520 414 2555 peffpeclionem
430 2529 484 2547 non
497 2521 575 2555 capit.
612 2519 681 2546 Add.
701 2519 740 2545 Id.
753 2518 786 2545 de
800 2519 842 2546 Ira
863 2528 886 2545 c.
901 2528 920 2545 ι.

75 2561 92 2581 1’
102 2562 146 2582 ER
156 2563 168 2582 s
179 2563 220 2583 PE
230 2562 248 2583 C
258 2563 279 2583 T
288 2563 308 2583 Ο
320 2562 338 2582 R
347 2576 356 2588 ,
381 2556 446 2583 oris.
484 2566 521 2583 m.
558 2557 690 2582 quencus
709 2564 743 2589 2,
764 2562 814 2589 275
850 2569 897 2575 —
923 2555 1024 2582 Mentis
1041 2565 1101 2591 per·
1116 2551 1148 2584 65

34 2590 139 2626 spector
156 2592 236 2619 Iesus.

76 2634 92 2654 r
102 2634 217 2655 ERSPE
230 2635 247 2656 c
259 2634 325 2661 ΤΟ,
344 2632 398 2655 ire.
437 2628 580 2662 Frequent.
616 2627 740 2662 [συνορῶ]
760 2626 863 2656 ,Ρίειιῐ.
877 2626 938 2653 Mil.
952 2635 975 2659 3,
989 2636 1010 2660 1,
1022 2635 1036 2653 2
1062 2627 1102 2655 Si-

36 2662 94 2689 nite
106 2670 150 2690 me
163 2665 236 2699 prius
251 2665 431 2699 perspectare,
450 2673 484 2691 ne
498 2664 599 2699 vspiam
614 2663 724 2690 insidiae
742 2662 817 2690 sient.
872 2662 917 2689 Ad
926 2662 1008 2699 finem
1024 2673 1102 2699 vsque

27 2695 149 2762 ἐξέθανε
160 2711 167 2725 .·
205 2701 276 2727 Suet.
296 2701 325 2726 in
338 2700 443 2735 August.
460 2709 481 2726 c.
492 2706 523 2732 98
545 2699 635 2726 Ludos
655 2698 867 2735 quinquennales
881 2698 982 2727 honori
995 2700 1042 2727 suo
1057 2700 1101 2726 de-

58 2735 145 2762 inatos
159 2736 343 2770 perspeclauit.
379 2736 453 2772 Conf.
463 2735 619 2763 1d.Domit.
637 2745 659 2762 c.
674 2745 702 2769 4.

69 2778 312 2799 rstriciizN
326 2779 356 2804 s,
391 2771 456 2798 vnde

43 2814 406 2841 ῬιειζςΡιειΕΝτιΑ,
432 2816 472 2834 ae.
507 2807 528 2834 f.
566 2808 726 2843 [ἐυσᾳνισίκ]
763 2807 820 2834 Cic.
841 2805 919 2834 offic.
940 2816 968 2840 i,
991 2814 1016 2841 ις
1047 2817 1070 2834 c.
1084 2815 1098 2842 ς

33 2842 83 2870 Sed
97 2853 194 2877 omne,
210 2844 284 2879 quod
297 2844 435 2871 honestum
453 2843 507 2876 est,
527 2843 555 2870 id
570 2850 686 2879 quatuor
705 2844 822 2879 partium
835 2843 924 2870 oritur
941 2852 974 2870 ex
986 2844 1078 2879 aliqua
1093 2855 1100 2872 ε

33 2886 80 2906 aut
98 2880 171 2907 enim
192 2879 221 2907 id
241 2881 271 2907 in
290 2879 480 2917 perspicientia
499 2880 574 2912 veri,
592 2879 757 2915 solertiaque
775 2880 914 2913 versatur,
940 2882 960 2907 i.
976 2878 1097 2917 perfefla

32 2925 60 2944 co
80 2919 183 2945 unione.

61 2925 202 2980 gristm
215 2958 233 2980 c
245 2959 337 2984 vvs,
355 2961 386 2985 a,
408 2961 462 2979 uin.
500 2950 562 2978 Adi.
598 2949 751 2986 [διαφανῆς]
788 2952 835 2979 Per
853 2951 919 2988 quod
933 2951 1039 2979 medium
1059 2955 1098 2979 vi-

33 2987 126 3016 demus.
164 2987 282 3016 Martial.
297 2998 325 3023 4,
338 2997 370 3022 4¹
391 2988 419 3014 de
432 2991 517 3020 vitro,
535 2987 631 3022 Prodat
651 2987 803 3022 perspicuus
821 2996 855 3015 ne
868 2988 922 3014 duo
940 2987 1003 3015 vina
1017 2988 1095 3015 calix.

29 3025 128 3059 ,Amnis
148 3025 211 3052 Stat.
225 3023 319 3052 Theb.
333 3034 369 3059 4,
383 3029 439 3059 418.
514 3024 590 3059 Aqua
622 3023 696 3051 Idem
711 3033 745 3057 4,
765 3033 806 3051 22.
885 3024 992 3058 Liquor
1011 3025 1095 3051 Ouid.

34 3059 100 3088 Met.
114 3069 140 3093 4,
153 3069 212 3093 300.
411 3059 433 3097 ἢ
454 3069 470 3087 2
506 3059 678 3095 Perspicuus,
715 3059 849 3096 [ἐναργής]
880 3067 928 3095 per
946 3062 1096 3088 translatio-

35 3103 89 3122 nem
103 3103 154 3132 pro
168 3098 258 3130 Claro,
282 3095 416 3133 manifesto
437 3103 461 3123 et
477 3099 578 3122 minime
594 3095 676 3123 dubio.
712 3096 769 3123 Cic.
789 3105 838 3131 pro
858 3096 934 3123 Rosc.
950 3097 1040 3123 Amer.
1058 3106 1095 3130 40
1112 3102 1145 3128 80
1160 3106 1192 3122 ue
1206 3098 1288 3123 vitem
1305 3097 1476 3132 praecipites,
1496 3105 1521 3125 et
1539 3108 1572 3125 ne
1586 3100 1703 3127 nimium
1721 3102 1886 3137 perstringas.

37 3125 143 3170 Necess‘p
156 3133 192 3160 est
205 3142 264 3160 earn
277 3142 386 3168 quoque
400 3133 495 3159 iustam
514 3138 540 3159 et
554 3141 677 3167 magnam
696 3138 723 3160 et
735 3133 899 3168 perspicuam
913 3132 996 3159 fuisse.
1053 3132 1093 3159 Id.

39 3164 72 3206 de
84 3167 184 3195 Inuent.
199 3178 220 3202 ι,
237 3177 267 3204 ι7
292 3171 369 3204 Qiae
384 3169 551 3204 perspicuam
570 3169 697 3196 omnibus
712 3169 852 3196 veritatem
868 3169 987 3196 continet
1000 3169 1094 3195 assum-

38 3206 102 3242 tio,
121 3203 190 3231 nihil
208 3205 310 3239 indiget
327 3205 537 3242 approbationis.
645 3205 702 3232 Cic.
723 3214 772 3240 pro
791 3205 880 3232 Domo
900 3207 936 3239 64
965 3205 1092 3239 Legeram

37 3237 190 3265 clarissimos
207 3241 309 3268 nostrae
323 3242 439 3269 ciuitatis
454 3242 543 3274 viros,
562 3242 587 3269 se
606 3242 634 3269 in
653 3241 756 3268 medios
767 3241 856 3273 hostes
877 3241 908 3269 ad
928 3242 1093 3276 perspicuam

13 3288 17 3291 -
37 3272 157 3300 Mortem
174 3284 223 3309 pro
236 3276 323 3303 Salute
336 3279 467 3305 exercitus
481 3278 617 3311 iniecisse,
645 3281 663 3304 ι’.
683 3278 846 3314 praesentem,
864 3287 938 3314 quam
946 3277 998 3312 fibi
1011 3280 1094 3303 immi·
1110 3280 1138 3309 85

36 3316 135 3336 nentem
154 3310 279 3338 videbant.
386 3313 426 3340 Id.
439 3315 517 3341 Verr.
532 3324 565 3348 4,
586 3323 621 3348 99
646 3315 698 3341 Res
715 3322 783 3349 quae
803 3315 863 3341 esset
882 3321 958 3341 antea
974 3323 1029 3340 non
1045 3313 1092 3340 ob-

36 3345 125 3378 seura,
147 3346 311 3386 sacerdotum
328 3347 482 3376 testimonio
494 3351 630 3386 perspicua
647 3351 696 3378 ess'e
711 3350 810 3385 coepit.
904 3350 961 3377 Cic.
977 3351 1055 3377 Verr.
1074 3359 1093 3383 ι,

37 3389 84 3408 122
108 3382 208 3409 Omnia
222 3383 335 3417 Aperta,
354 3384 445 3411 omnia
457 3387 590 3421 perspicua
604 3387 781 3422 reperientur.
853 3386 892 3414 Id.
905 3387 934 3414 in
947 3387 1024 3413 Verr.
1033 3385 1093 3413 Αὲἲ.

38 3425 59 3449 ι,
73 3427 85 3447 ς
106 3427 154 3459 52²
180 3420 338 3459 §lt-apertus
356 3419 384 3445 in
398 3421 573 3455 corripiendis
591 3423 710 3458 pecuniis
729 3423 798 3455 fuit,
818 3422 851 3449 sic
870 3423 900 3450 in
916 3423 958 3457 spe
972 3431 1104 3455 cerrum--

35 3454 116 3495 pendi
130 3454 226 3481 iudicii
241 3454 376 3495 perspicua
390 3456 434 3482 sua
446 3456 568 3490 consilia,
587 3465 750 3495 conatusque
765 3458 891 3486 omnibus
905 3459 968 3485 fuit.

34 3491 155 3524 spicuum
171 3490 207 3517 est
221 3490 346 3518 omnibus
359 3491 416 3518 Cic.
433 3492 512 3518 Acad.
525 3502 554 3526 4,
567 3502 617 3526 ¹32·
711 3496 881 3531 Perspicuum
895 3495 945 3523 hoc
959 3494 1011 3526 est,
1030 3502 1092 3521 con-

34 3525 136 3561 statque
152 3527 224 3554 inter
238 3535 330 3553 ornnes
343 3526 381 3553 Id.
395 3526 428 3554 cle
441 3527 476 3555 N.
491 3528 523 3554 D.
537 3537 560 3561 3,
574 3538 590 3562 9
609 3540 630 3557 c.
645 3540 672 3565 4.
728 3541 733 3543 ·

73 3569 88 3588 r
98 3569 142 3590 ER
151 3571 164 3591 s
173 3570 234 3591 P1C
247 3570 264 3586 ν
278 3562 319 3590 iT
330 3570 351 3589 A
360 3570 391 3596 s,
406 3563 470 3604 *it-is.
497 3564 517 3590 f.
555 3562 720 3603 [διαφάηια]
756 3567 899 3594 Euidentia.
937 3566 993 3594 Cic.
1009 3565 1092 3594 Acad.

36 3605 66 3630 4,
73 3606 108 3638 ,17
135 3600 278 3635 Propterea
293 3599 365 3634 quod
385 3598 455 3626 nihil
472 3600 533 3626 esset
556 3600 648 3628 clarius
661 3602 788 3639 ἐναργείᾳ,
808 3610 838 3630 vt
851 3603 946 3631 Graeci
962 3613 968 3628 ;
994 3602 1092 3637 perspi-

36 3639 163 3661 cuitatem
182 3642 228 3663 aut
241 3635 405 3662 euidentiam
419 3644 483 3667 ηοε,
502 3635 520 3662 fi
541 3635 640 3670 placet,
659 3639 839 3667 nominemus.

36 3670 161 3710 quentiae
179 3673 266 3699 virtus
281 3672 376 3698 dicitur
390 3670 522 3706 Qinenl.
535 3677 559 3704 8,
573 3680 595 3698 2.
640 3675 644 3679 “
661 3674 734 3702 Idem
749 3684 771 3708 i,
785 3679 801 3702 6
827 3676 856 3702 de
869 3675 953 3702 verbis
970 3673 1091 3707 vetustis:

36 3705 132 3732 Oratio
149 3716 230 3740 vero,
250 3708 325 3735 cuius
344 3708 446 3734 summa
465 3707 552 3733 virtus
571 3707 608 3734 est
627 3710 813 3744 perspicuitas,
835 3721 915 3747 quam
936 3710 966 3737 fit
982 3711 1091 3744 vitiosa,

35 3740 55 3766 fi
80 3747 154 3775 egeat
177 3743 322 3778 interprete
335 3745 344 3770 3
380 3743 598 3778 Perspicuitatem
623 3751 702 3771 vocat
725 3746 892 3782 intelligendi
924 3746 1091 3776 facilitatem.

35 3775 208 3811 Perspicuitas
220 3780 453 3813 argumentatione
466 3779 586 3806 eleuatur
598 3779 654 3806 Cic.
668 3780 701 3806 de
714 3781 751 3808 N.
764 3783 798 3810 D.
811 3792 824 3816 3
846 3794 868 3810 c.
882 3793 909 3817 4.
931 3782 997 3818 quod
1003 3783 1090 3818 paullo

29 3810 88 3848 post
101 3816 138 3839 ita
150 3814 228 3847 dicit,
250 3817 317 3844 Rem
331 3817 443 3843 minime
458 3815 577 3858 dubiamn
585 3817 793 3850 argumentando
808 3819 917 3846 dubiam
932 3819 1006 3845 sacis.

72 3855 86 3873 Ρ
96 3855 112 3875 E
120 3856 140 3876 R
149 3856 162 3889 s-
171 3856 186 3875 Ρ
194 3858 204 3877 1
213 3857 231 3878 c
242 3857 263 3878 V
272 3859 289 3879 E
297 3873 304 3879 .
341 3852 409 3879 Adii.
447 3849 608 3886 [διαφαιως]
651 3852 794 3880 Euidenter.
834 3856 891 3882 Cic.
907 3854 985 3882 Acad.
1002 3864 1021 3889 4
1030 3874 1038 3886 ‚
1058 3864 1090 3889 34

0 3918 1 3921 Ἴ
34 3883 98 3917 Qio
119 3894 190 3911 enim
210 3887 291 3915 modo
309 3889 448 3924 perspicue
468 3887 588 3920 dixeris,
606 3886 696 3913 album
715 3888 764 3915 else
785 3889 904 3926 aliquid,
924 3899 970 3918 etc.
1013 3890 1089 3926 Conf.

33 3918 107 3946 Idem
121 3920 154 3946 de
168 3922 270 3949 Inuent.
283 3933 300 3951 2.
318 3934 340 3952 c.
356 3934 399 3959 24.
478 3925 577 3959 Aperte
592 3929 618 3949 et
631 3923 769 3958 perspicue
785 3926 857 3954 nulla
870 3929 919 3954 esse
934 3927 1034 3955 iudicia
1050 3926 1090 3953 Id.

0 3962 2 3986 ξ
32 3955 111 3982 Verr.
128 3956 187 3984 Aet.
201 3966 229 3989 t,
249 3961 274 3985 6.
382 3960 509 3988 Dilucide
530 3966 556 3986 et
575 3959 712 3994 perspicue
731 3959 798 3987 Plin.
814 3967 854 3994 18,
873 3969 913 3994 28.
1008 3963 1088 3991 Plane

0 3987 1 4003 ¹
33 3997 59 4019 et
71 3993 210 4029 perspicue
224 3995 355 4059 expedilrfi
362 3997 467 4033 aliquid
480 3997 538 4025 Cic.
550 3995 583 4023 de
596 3995 656 4023 Fin.
670 4004 693 4029 3,
708 4004 737 4028 ¹9
756 4004 779 4022 c.
793 4005 818 4030 5.

191 4036 210 4056 v
219 4036 238 4057 ο
247 4038 264 4058 1.
272 4051 279 4059 .
357 4052 365 4059 .

279 2196 343 2222 Vita
362 2195 515 2231 aliquorum
538 2194 568 2220 in
592 2193 670 2219 rebus
689 2193 806 2220 honestis
825 2199 905 2228 atque
924 2193 1028 2228 magnis
1046 2197 1142 2228 per-55¹

1031 3459 1091 3485 Per·
1103 3467 1141 3492 90

929 3638 1019 3665 Prima
1038 3639 1093 3665 elo·
1108 3645 1140 3671 95
1155 3641 1246 3667 oculor.

1100 4006 1146 4035 105
1155 3999 1308 4036 Metaphora
1326 4007 1342 4024 a
1361 3997 1506 4024 vulneribus
1522 3999 1671 4030 leuioribus.
1690 4007 1720 4027 ω
1736 4001 1832 4036 Virgil.
1846 4003 1912 4030 Aen.
1927 4011 1972 4035 10,
1989 4011 2042 4035 344

1171 1330 1284 1367 perflari
1300 1338 1324 1358 et
1338 1331 1454 1367 dffpari
1466 1333 1496 1368 se
1506 1336 1622 1395 Komar.

1214 1374 1230 1394 P
1244 1373 1261 1393 Ε
1274 1374 1293 1394 R
1303 1374 1346 1394 ST
1355 1375 1373 1408 ιζ
1382 1375 1432 1395 RN
1441 1374 1461 1394 0
1470 1388 1480 1401 ,
1529 1369 1602 1400 riui,
1627 1369 1753 1404 stratum,
1780 1373 1835 1399 ere.
1864 1374 2108 1414 ·[noero=;1pc‘1,avuu1]
2155 1383 2249 1410 Totum

1169 1400 1295 1436 sternere.
1338 1404 1400 1430 Liu.
1420 1413 1465 1436 10,
1484 1413 1521 1439 47
1536 1405 1647 1446 ‘Eodem
1663 1415 1733 1433 anno
1752 1407 1786 1434 ab
1803 1408 1944 1438 Aedilibus
1965 1414 2101 1442 ciis-112}>„3
2139 1419 2185 1452 qui
2201 1429 2248 1446 eos

1176 1438 1255 1465 ludos
1269 1439 1405 1471 fecerunt,
1424 1441 1555 1468 damnatis
1569 1441 1673 1478 aliquot
1686 1444 1819 1478 pecuariis
1834 1445 1878 1472 via
1891 1455 1904 1474 a
1919 1449 2014 1476 Martis
2027 1450 2098 1478 silice
2110 1437 2143 1480 ad
2156 1455 2248 1482 Bouil.

827 1476 993 1510 Perspicere,
1011 1482 1061 1511 pro
1076 1477 1147 1510 Re35
1178 1475 1215 1502 las
1234 1476 1360 1510 perstrata
1375 1475 1420 1502 est.

1216 1517 1232 1538 Ρ
1243 1519 1287 1539 ER
1297 1519 1310 1539 s
1319 1519 1341 1539 T
1352 1519 1361 1538 1
1371 1519 1394 1538 M
1407 1510 1427 1537 ὗ
1438 1519 1454 1553 ¹:
1466 1518 1502 1554 ο,
1525 1516 1578 1540 are.
1616 1513 1818 1552 [κατακεντοίω]
1860 1518 2020 1548 Vehementer
2024 1521 2139 1556 stimulo.
2176 1527 2237 1554 Tac

1177 1547 1245 1588 Ann.
1261 1558 1288 1582 4,
1302 1557 1340 1589 ιι,
1353 1556 1370 1584 7
1390 1549 1553 1589 Agrippinae
1567 1559 1676 1585 quoque
1692 1552 1813 1586 proximi
1826 1553 2027 1590 illidebantur,
2043 1563 2134 1594 prauis
2148 1548 2248 1591 sermo:

1178 1583 1257 1611 nibus
1271 1586 1378 1619 spiritus
1393 1584 1588 1619 perstimulare.

1213 1627 1228 1647 P
1237 1627 1253 1647 E
1263 1628 1282 1647 R
1291 1627 1305 1646 s
1314 1628 1336 1648 T
1346 1619 1359 1647 1⁰
1367 1627 1417 1648 No
1427 1640 1434 1652 ,
1452 1625 1506 1648 are.
1529 1622 1680 1656 [τιμῶμαι]
1707 1623 1973 1661 Emerestgnficaret‚
1985 1628 2012 1663 fi
2026 1632 2152 1667 legeretur
2165 1635 2246 1669 Apul.

335 1659 367 1685 In
380 1667 461 1694 parua
475 1667 589 1693 pecunia
607 1658 681 1692 saepe
694 1658 904 1693 perspiciuntur,
922 1666 1002 1692 quain
1016 1657 1064 1683 sint
1077 1657 1159 1691 le-40
1176 1656 1241 1682 Met.
1257 1665 1266 1683 ι
1287 1665 1353 1684 extr.
1379 1657 1411 1683 Et
1425 1664 1581 1691 percontato
1596 1658 1700 1692 pretio,
1718 1660 1791 1694 quod
1811 1668 1917 1689 centum
1936 1666 2026 1692 nuinis
2043 1668 2182 1701 indicaret,
2202 1672 2248 1698 ad-

1175 1692 1330 1726 spernatus,
1350 1693 1457 1726 Viginti
1475 1692 1595 1720 denariis
1614 1694 1769 1727 perstinaui.
1826 1697 1876 1724 Sed
1894 1699 2057 1729 Praestinaui
2078 1704 2191 1732 Elmenh

1174 1735 1229 1787 ³13,
1248 1734 1275 1760 15
1305 1737 1335 1764 ne
1352 1729 1459 1755 alterius
1476 1729 1572 1763 quidem
1590 1728 1708 1756 lectionis
1719 1733 1843 1758 mentione
1852 1733 1942 1768 sabla.
2193 1728 2198 1733 ⁸
2219 1716 2245 1742 p·

1192 1771 1236 1793 us,
1257 1769 1304 1788 etc.

1211 1804 1227 1823 Ρ
1236 1804 1253 1824 ε
1264 1804 1282 1824 R
1295 1805 1308 1824 s
1317 1803 1338 1823 Τ
1347 1805 1368 1825 o
1377 1818 1385 1830 ,
1407 1798 1478 1831 stiti,
1497 1799 1588 1825 sticum
1607 1806 1632 1826 et
1646 1799 1752 1836 statum,
1772 1800 1827 1829 are:
1863 1802 1877 1837 [
1885 1804 2003 1842 ἕμμὲγω]
2043 1810 2155 1838 Firmum
2168 1820 2191 1839 et
2201 1817 2247 1841 im-

1174 1832 1286 1860 mobilem
1297 1832 1386 1874 stlire,
1407 1834 1577 1870 Perseuerare.
1620 1835 1688 1863 Plin.
1703 1844 1731 1871 7,
1750 1845 1763 1863 2
1788 1837 1966 1876 Philosophos
1983 1853 2078 1872 corum
2115 1858 2182 1883 quos
2202 1860 2218 1871 σ
2238 1868 2248 1873 -

1175 1869 1370 1909 mnosophistas
1391 1877 1505 1903 vocant,
1528 1872 1562 1898 ab
1576 1877 1671 1899 exortu
1692 1873 1724 1899 ad
1742 1876 1866 1904 occasum
1879 1878 2010 1911 perstare*
2031 1867 2186 1913 consuentes
2202 1860 2236 1914 ῗζ

1174 1906 1227 1932 lein
1242 1906 1434 1947 iin3.:0bilibiis
1449 1908 1535 1934 oculis
1550 1908 1721 1936 sernentibus
1735 1910 1833 1938 arenis.
1901 1914 1934 1940 In
1954 1901 2051 1944 li'm’ine
2069 1920 2167 1954 perstat
2205 1904 2247 1951 ui:

1175 1941 1236 1968 dani
1250 1942 1359 1982 Tibull.
1380 1952 1400 1973 i,
1415 1951 1438 1976 ς,
1452 1951 1490 1978 7ι.
1564 1944 1670 1971 Animis
1691 1946 1806 1979 perflare
1823 1947 1886 1975 Stat.
1902 1950 1995 1978 Theb.
2010 1962 2042 1984 ιι,
2056 1965 2111 1989 43¹·
2185 1933 2245 1986 (ἰῆς.

1174 1987 1236 2012 gare
1255 1978 1376 2013 aliquid,
1397 1986 1422 2005 et
1443 1979 1471 2005 in
1492 1988 1526 2005 eo
1547 1980 1662 2012 perstare
1681 1981 1737 2007 Cic.
1752 1981 1830 2009 Offic.
1844 1991 1866 2015 3,
1879 1993 1911 2017 39
1931 1995 1953 2013 c.
1968 1996 1994 2020 9,
2089 1993 2120 2018 1„
2140 1996 2213 2022 causa

1173 2014 1264 2053 damni
1280 2014 1377 2048 perstat
1390 2020 1504 2049 vterque
1517 2015 1558 2040 sui
1576 2015 1658 2042 Ouid.
1673 2016 1706 2042 de
1721 2018 1786 2044 Arte
1799 2019 1858 2045 Am.
1872 2028 1898 2052 2,
1918 2024 1976 2054 560.
2047 2026 2080 2052 In
2101 2029 2137 2054 iul
2160 2031 2194 2057 ud
2217 2005 2244 2023 m

1172 2054 1211 2089 tia
1229 2050 1285 2076 Cic.
1306 2058 1355 2084 pro
1378 2050 1453 2076 Rosc.
1475 2050 1553 2090 Com.
1569 2053 1604 2077 26
1625 2061 1646 2077 c.
1669 2072 1675 2078 .
1695 2072 1701 2078 .
1774 2054 1883 2089 Incepto
1897 2058 2022 2092 perstare,
2037 2066 2078 2089 vel
2089 2064 2120 2089 In
2135 2039 2244 2095 ιῗιςεεῗᾶ

1172 2084 1233 2111 Liu.
1251 2090 1325 2125 8433.
1394 2086 1423 2111 In
1440 2092 1571 2120 prauitatc
1593 2087 1709 2121 perstare
1728 2089 1773 2116 sua
1792 2090 1849 2116 Cic.
1865 2092 1944 2120 Acad.
1958 2103 1987 2128 4,
2001 2099 2033 2122 26
2052 2107 2074 2125 c.
2092 2104 2106 2129 8
2195 2076 2223 2130 pl

1172 2120 1301 2148 sententia
1314 2120 1429 2155 perstare
1446 2121 1484 2148 Id.
1495 2131 1544 2157 pro
1560 2123 1633 2151 Rosc.
1650 2124 1727 2151 Com.
1748 2127 1781 2158 56
1799 2135 1820 2152 c.
1835 2126 1883 2154 vlt.
1994 2131 2025 2158 In
2038 2120 2164 2164 societate
2178 2113 2242 2167 Liu¹¹¹

1172 2165 1211 2188 23.
1285 2157 1396 2198 Certare
1418 2158 1515 2192 perstas
1531 2159 1695 2200 Ouid-'Men
1710 2169 1752 2201 33,
1770 2169 1814 2196 77.
1889 2164 2060 2196 Contendere
2079 2174 2174 2206 perstat
2193 2160 2241 2203 qil.

1172 2200 1268 2234 5›,¹0,4·
1283 2228 1289 2234 .
1326 2195 1437 2233 ‘Hiems
1454 2195 1551 2229 perstat
1571 2195 1654 2222 Ouid.
1669 2196 1749 2230 Epist.
1766 2203 1801 2230 18,
1815 2201 1876 2226 206.
1944 2203 2021 2231 Mens
2037 2207 2129 2235 eadem
2143 2195 2241 2245 perstat.

1171 2228 1242 2269 mihi
1256 2229 1353 2264 Virgil.
1369 2230 1434 2256 Aen.
1450 2239 1478 2264 5,
1498 2236 1549 2261 812.
1646 2232 1721 2259 Musa
1743 2234 1796 2260 sola
1817 2245 1905 2263 comes
1925 2237 2004 2273 fugae
2022 2243 2138 2277 perstitit
2156 2244 2229 2275 O'uid

1170 2264 1257 2306 Trist.
1273 2273 1302 2298 4,
1318 2274 1338 2298 1,
1353 2275 1393 2292 20.
1466 2267 1556 2294 Pudor
1576 2267 1606 2293 in
1619 2276 1667 2294 ore
1687 2269 1783 2303 perstat
1801 2271 1841 2298 Id.
1857 2281 1889 2299 ex
1904 2274 1979 2302 Pont.
1993 2285 2022 2310 4,
2034 2287 2052 2311 9
2074 2288 2115 2312 92.
2188 2269 2240 2312 ΚΒ.

1167 2300 1225 2342 bies
1239 2301 1335 2342 perstat
1347 2302 1444 2329 Lucan.
1458 2311 1481 2335 5,
1491 2311 1547 2329 210.
1655 2304 1720 2339 Paff.
1733 2308 1891 2344 imperfimal.
1911 2310 2021 2340 Catonis
2035 2299 2164 2346 sententia
2198 2330 2239 2348 er-

1168 2342 1252 2370 vicit,
1271 2343 1300 2363 vt
1313 2347 1341 2365 in
1355 2338 1463 2365 decreto
1479 2339 1639 2373 perstaretur
1652 2341 1721 2376 Epit.
1736 2343 1796 2369 Liu.
1807 2353 1852 2377 49.
2179 2329 2196 2355 p

1204 2381 1219 2400 p
1229 2380 1295 2414 Exi-s
1305 2381 1357 2414 ‘rA
1370 2380 1392 2400 T
1405 2381 1426 2400 v
1438 2381 1455 2401 R
1470 2382 1530 2408 vs,
1551 2385 1575 2408 a,
1596 2385 1651 2406 um.
1689 2379 1784 2406 Partic.
1822 2381 1884 2408 Liu.
1900 2388 1922 2414 8,
1935 2392 1968 2418 34
1992 2385 2024 2412 Se
2037 2392 2125 2417 tamen
2139 2392 2224 2426 persta

1167 2414 1260 2436 turum
1274 2417 1303 2436 in
1316 2416 1434 2445 incepto.
2228 2410 2238 2417 ‘

1187 2482 1193 2487 ·
1206 2451 1250 2487 RE
1260 2452 1282 2487 R.
1292 2453 1305 2472 s
1315 2453 1337 2473 T
1347 2454 1369 2474 A
1379 2454 1401 2474 N
1410 2455 1423 2474 s
1432 2467 1440 2480 ,
1464 2447 1542 2474 antis.
1580 2448 1677 2476 Partic.
1713 2450 1864 2489 [ἐμμένων]
1902 2454 1989 2483 Dicitis
2002 2458 2162 2492 perstantem
2181 2473 2225 2492 cer

1165 2488 1206 2509 nit
1222 2490 1250 2508 in
1264 2482 1357 2509 iisdem
1373 2483 1431 2510 Val.
1443 2483 1545 2519 Argon.
1558 2494 1588 2517 4,
1603 2494 1656 2518 143.
2226 2482 2236 2487 ι

1203 2525 1488 2551 rERsTRATvs,
1525 2519 1580 2547 vid.
1607 2527 1699 2548 PERS
1712 2528 1859 2551 TERNO.

1205 2562 1221 2582 r
1231 2562 1248 2581 E
1257 2562 1274 2580 R
1287 2561 1300 2581 s
1309 2562 1331 2582 T
1341 2563 1360 2583 R
1371 2563 1387 2582 E
1398 2563 1419 2581 N
1431 2562 1452 2582 v
1461 2563 1478 2583 E
1487 2576 1494 2583 .
1531 2556 1599 2583 Adu.
1644 2557 1698 2584 Abi
1720 2559 1874 2593 perstrenue
1884 2582 1893 2595 ,
1917 2571 1948 2590 ac
1970 2564 2042 2593 fores
2064 2570 2138 2603 aperi
2165 2571 2226 2599 Ter

1167 2590 1281 2634 Adelph.
1296 2600 1355 2634 &¹⁵
1368 2600 1392 2625 ¹3
1416 2592 1487 2633 apud·
1497 2592 1572 2620 Non.
1588 2601 1617 2626 4,
1632 2601 1654 2627 5.
1693 2595 1741 2621 Sed
1759 2598 1890 2633 vulgatum
1902 2600 1940 2626 ibi
1957 2600 1991 2634 esi
2007 2605 2176 2638 praesti-enne
2210 2594 2236 2636 e}

1166 2625 1262 2654 νεέἶιισ
1275 2626 1417 2669 diuiditur,
1436 2628 1489 2656 Abi
1508 2638 1570 2662 prae
1588 2629 1708 2662 strenue,
1726 2633 1779 2658 1:21
1794 2642 1872 2667 prae,
1888 2642 1935 2669 pro
1950 2640 2034 2672 praei.
2183 2628 2192 2641 ³

1204 2669 1218 2689 Ρ
1227 2670 1243 2690 Ε
1255 2669 1271 2690 R
1283 2670 1295 2689 S
1306 2671 1328 2691 Τ
1342 2670 1358 2690 R
1371 2671 1388 2691 E
1401 2671 1416 2690 Ρ
1427 2671 1446 2692 o
1455 2685 1464 2698 ,
1499 2665 1545 2698 ui,
1575 2666 1658 2699 i'tum,
1693 2669 1748 2694 ere.
1786 2670 1974 2708 [καταφοφέω]
2016 2676 2095 2703 Valde
2109 2675 2233 2715 strepere.

1166 2699 1236 2740 Ter.
1250 2701 1316 2726 Eun.
1331 2709 1353 2732 3,
1367 2708 1390 2734 5,
1411 2708 1442 2733 52
1467 2700 1576 2728 Abeunt
1596 2702 1733 2736 lanatum,
1753 2705 1933 2741 perstrepunt,
1955 2711 2007 2743 ita,
2029 2718 2057 2738 vt
2078 2712 2108 2739 tit
2126 2715 2233 2743 donnini

1166 2735 1212 2762 vbi
1226 2735 1330 2762 absunt.
1404 2737 1509 2778 Crebro
1524 2739 1639 2778 pulsatus
1654 2740 1794 2775 perstrepit
1812 2742 1867 2769 ι’ἑὶιι
1886 2744 2026 2774 Claudian.
2040 2749 2067 2774 in
2082 2749 2194 2786 Eutrop.
2205 2761 2221 2779 2

1164 2780 1226 2805 450.
1302 2773 1407 2813 Rumor
1420 2782 1555 2815 iri-arcana
1569 2776 1725 2802 iamdudum
1740 2778 1879 2812 perstrepit
1892 2781 1951 2807 aula
1967 2782 2029 2810 Stat.
2043 2784 2131 2812 Achil.
2145 2795 2161 2813 2
2186 2773 2233 2823 76.

1165 2808 1265 2849 Tellus
1279 2808 1420 2844 perstrepit
1433 2810 1479 2837 bil.
1496 2816 1519 2844 8,
1536 2820 1589 2844 431.
1686 2813 1796 2848 Paffiue,
1822 2816 1899 2849 Apul.
1915 2818 1979 2844 Met.
1994 2828 2007 2852 3
2032 2829 2057 2855 p.
2074 2830 2120 2855 129
2147 2807 2233 2857 (Qui.

1164 2844 1237 2871 fores
1252 2846 1403 2877 interdum,
1422 2852 1448 2872 et
1466 2847 1604 2882 frequenti
1621 2847 1739 2875 clamore
1753 2849 1849 2877 ianuae
1864 2853 2001 2890 pei-strepi.
2062 2859 2097 2884 Vt
2110 2861 2220 2886 noueris

1163 2880 1263 2916 quibus
1277 2881 1404 2908 fluetibus
1418 2882 1615 2918 perstrepaiiuir
1634 2883 1782 2916 Symmach.
1797 2887 1842 2921 Ep.
1858 2890 1888 2921 6,
1906 2897 1942 2916 12.
2220 2880 2230 2893 ¹

1200 2924 1215 2944 P
1224 2924 1240 2944 E
1252 2924 1271 2943 R
1281 2925 1294 2945 S
1303 2924 1324 2943 T
1335 2924 1353 2943 R
1365 2926 1374 2944 1
1384 2924 1403 2943 D
1414 2924 1434 2944 o
1443 2937 1450 2949 ,
1481 2920 1534 2945 ere.
1571 2919 1683 2947 Leuiter
1708 2921 1872 2955 perstridant
1896 2927 1999 2954 caerula
2021 2928 2134 2964 (maria)
2153 2931 2228 2958 venti

1162 2953 1287 2980 German.
1303 2954 1331 2979 in
1346 2954 1417 2979 Arat.
1436 2962 1445 2980 ι
1474 2963 1499 2980 v.
1515 2957 1539 2981 6.

1197 2996 1239 3029 ¹³.ss
1250 2995 1267 3014 R
1278 2995 1321 3015 sT
1333 2995 1349 3015 R
1361 2995 1482 3031 {N.G.⁰³
1513 2990 1627 3023 strinxi,
1657 2991 1796 3027 siricium,
1828 2995 1882 3022 ere.
1926 2999 2011 3035 Auget
2034 3003 2086 3026 vim
2098 2999 2226 3036 simplicis

1163 3024 1290 3059 Stringo‚
1308 3032 1332 3051 ct
1344 3025 1478 3065 J1gvzgticat
1494 3027 1662 3054 uehementius
1679 3035 1793 3065 tangere,
1812 3040 1887 3066 caque
1904 3044 1932 3060 re
1945 3039 2098 3070 aliquantum
2120 3037 2223 3066 laedere.

1160 3061 1228 3087 Cato
1241 3070 1262 3087 c.
1272 3070 1298 3093 32
1319 3062 1393 3087 Vites
1408 3062 1476 3088 bene
1489 3063 1625 3090 nodentur
1637 3072 1686 3099 per
1698 3073 1790 3092 omnes
1805 3069 2104 3106 ramos,dilicenterque
2118 3079 2223 3107 caueto,

1199 3133 1204 3137 ²
1352 3134 1357 3138 .
1518 3138 1522 3142 ἱ
1959 3105 2056 3132 Dentes
2070 3108 2151 3134 nimir:
2165 3119 2223 3143 per-

1159 3132 1288 3168 stringere
1304 3133 1425 3174 Scribon5
1441 3142 1481 3169 57.
1511 3145 1529 3161 1.
1551 3134 1721 3173 constringere
1735 3142 1871 3165 acrimonia
1880 3139 1936 3174 sua.
2011 3143 2102 3170 Aciein
2115 3146 2213 3173 inentis

1159 3175 1206 3195 aut
1223 3170 1316 3211 oculos
1331 3169 1524 3205 perstringere,
1544 3172 1610 3208 quod
1622 3174 1723 3209 quidam
1734 3176 1835 3210 legum,
1854 3176 2011 3211 [liudpomss
2027 3189 2050 3204 ei
2062 3180 2177 3215 solJemm
2189 3165 2222 3208 [ιζ

1158 3204 1301 3244 brariorgcni
1317 3214 1400 3232 errore
1412 3206 1514 3234 uidetur
1527 3215 1624 3240 ortum,
1643 3219 1697 3236 cum
1713 3210 1905 3245 praestringere
1922 3220 1960 3238 na
1974 3214 2108 3249 sollemne,
2130 3217 2222 3253 etfre-

1158 3250 1234 3276 que‘is
1244 3243 1298 3275 Jtt,
1317 3249 1347 3267 vt
1357 3246 1491 3278 proprium
1508 3243 1565 3270 huic
1577 3248 1617 3271 rei
1633 3245 1758 3272 videatur.
1798 3247 1853 3272 Nos
1865 3254 1931 3273 certe
1950 3257 1976 3274 eo
1996 3253 2126 3278 retulimus
2146 3257 2222 3281 etiam

1158 3287 1201 3309 ea,
1219 3278 1262 3304 vbi
1276 3276 1350 3304 lefflo
1363 3282 1458 3305 variat.
1496 3280 1544 3307 Sed
1557 3280 1688 3314 Qiinetil.
1705 3289 1742 3313 10,
1758 3289 1779 3313 ι,
1791 3291 1821 3313 30
1842 3292 1929 3318 mrvgno
1943 3287 2057 3322 consensu
2070 3289 2098 3313 de
2112 3289 2220 3323 fulgore

1159 3322 1297 3340 armorum
1313 3314 1423 3347 dicitur,
1447 3324 1503 3350 quo
1516 3325 1589 3343 mens
1604 3316 1678 3343 simul
1695 3317 1819 3352 visusque
1832 3319 2035 3354 perstringitur,
2061 3328 2079 3350 i.
2093 3326 2219 3352 vehemeti.

1157 3355 1196 3390 ter
1209 3354 1345 3386 tangitur,
1361 3352 1562 3388 percelliturque.
1616 3354 1657 3380 Sic
1670 3352 1729 3379 Val.
1743 3353 1854 3380 Maxim.
1869 3363 1895 3387 2,
1911 3364 1947 3386 10,
1962 3359 1979 3383 6
2001 3359 2138 3387 Cimbrica
2153 3362 2221 3389 cala.

1157 3392 1234 3412 initas
1253 3387 1346 3413 oculos
1368 3387 1487 3414 hominis
1512 3387 1678 3423 perstrinxit,
1694 3388 1751 3422 fine
1772 3393 1893 3417 ilirt'etatc
1916 3394 2018 3428 legitur.
2092 3398 2209 3425 Mamm-t

1157 3421 1280 3449 Genethl.
1291 3424 1362 3449 Max.
1376 3432 1392 3450 2
1414 3423 1506 3450 Sensus
1520 3433 1594 3450 meos
1612 3438 1658 3444 —
1681 3425 1803 3458 proxima
1818 3435 1939 3462 quaeque
1954 3432 2093 3459 veneratio
2110 3434 2150 3460 sui
2163 3419 2217 3462 ina:

1156 3458 1246 3486 iestate
1261 3459 1424 3494 perstringit.
1475 3462 1629 3496 Quamquam
1642 3460 1811 3496 Camzegseter.
1827 3461 1883 3495 roffi
1899 3463 1928 3490 de
1939 3466 2039 3494 Auiano
2059 3477 2080 3494 c.
2095 3478 2122 3495 22
2142 3480 2158 3505 p
2175 3479 2218 3504 319

1156 3495 1269 3521 emendat
1289 3495 1468 3531 praestrinxit.
1528 3495 1596 3522 Idl'm
1615 3495 1712 3522 dubitat
1730 3496 1758 3522 de
1773 3497 1831 3524 Val.
1846 3499 1908 3526 Max
1932 3510 1957 3533 9,
1972 3510 1998 3534 1,
2018 3511 2030 3535 5
2057 3504 2125 3531 Cum
2145 3491 2218 3541 prae-

1157 3531 1248 3558 sertim
1285 3548 1332 3552 —
1368 3532 1500 3559 Sartorius
1516 3532 1700 3558 Romanorum
1718 3534 1886 3562 exercituum
1900 3537 1992 3564 oculos
2008 3539 2137 3568 Lusitanis
2158 3542 2218 3569 telis

1157 3567 1353 3603 perstringeret,
1413 3569 1479 3595 Nam
1495 3567 1537 3594 hzc
1550 3574 1616 3594 certe
1630 3565 1710 3603 potest
1725 3571 1828 3604 amplius
1845 3571 1919 3606 quid,
1939 3575 2218 3613 quamfhlussplcndor

1156 3613 1283 3631 armorum
1302 3604 1384 3630 intelli
1402 3607 1428 3635 i,
1454 3609 1478 3629 et
1496 3606 1535 3629 ita
1546 3607 1691 3639 propinqua
1711 3606 1815 3632 telorum
1837 3607 1960 3641 admotio,
1982 3617 2011 3636 tn
2030 3616 2103 3638 ctiam
2117 3615 2217 3640 ratim-et

1319 3613 1511 3675 Corffiingendi
1529 3647 1553 3665 et
1571 3640 1749 3673 comprimendi
1767 3645 1865 3669 notione
1882 3643 1989 3680 pofinste
2012 3648 2113 3675 uidetur
2132 3649 2215 3676 Ouid.

1989 1738 2044 1764 Nec
2056 1742 2133 1767 aliter
2147 1743 2248 1770 Beroal.

1157 3676 1223 3702 Met.
1238 3685 1275 3706 10,
1290 3684 1341 3710 495
1366 3677 1476 3714 Iamque
1489 3684 1597 3708 grauem
1612 3676 1728 3702 crescens
1743 3683 1846 3704 vteruin
1868 3680 2058 3714 perstrinxerat
2069 3684 2151 3712 arbor
2187 3685 2215 3711 de

1156 3712 1284 3747 Myrrha,
1305 3716 1322 3739 i.
1338 3715 1429 3738 cortice
1441 3715 1526 3746 aspero
1543 3711 1693 3743 induxerat,
1711 3719 1734 3738 et
1741 3713 1782 3746 stc
1793 3724 1836 3740 con
1861 3719 1987 3744 rinxerat.
2060 3722 2142 3748 Aures
2157 3707 2215 3755 fier·

1121 3766 1127 3771 .
1156 3748 1262 3783 stringis
1283 3755 1420 3773 murmure
1439 3755 1571 3772 cornuum
1591 3747 1687 3774 Horat.
1701 3749 1788 3775 Carni.
1808 3759 1831 3783 2,
1854 3759 1873 3784 1,
1894 3758 1928 3782 18.
1961 3754 1985 3781 b.
2001 3765 2020 3782 e.
2039 3759 2077 3782 ita
2095 3756 2214 3793 d.fi.-r1‘bis

1156 3786 1287 3810 tumultum
1299 3791 1410 3818 pugnae,
1432 3789 1461 3807 vt
1475 3783 1584 3809 ,auribus
1603 3783 1673 3810 illum
1695 3784 1824 3812 videamur
1837 3794 1976 3824 percipere.
2050 3793 2104 3819 Iter
2123 3791 2212 3817 fulmi.

1098 3827 1145 3846 100
1156 3829 1237 3847 neum
1258 3818 1412 3854 perstrinxit
1429 3817 1522 3845 Claud.
1542 3818 1571 3844 iu
1590 3827 1628 3852 pr.
1649 3820 1728 3846 Cons.
1744 3820 1800 3847 Stil.
1822 3831 1843 3855 ι,
1859 3833 1916 3851 200.
1941 3828 1959 3851 i.
1972 3828 2211 3862 celeri-imeperegit.

1155 3857 1199 3883 AI.
1214 3855 1392 3890 praestrinxit,
1411 3860 1439 3879 ut
1452 3853 1486 3879 ad
1498 3855 1659 3889 ripasl=1heizi‘
1673 3857 1811 3890 referatur,
1826 3869 1886 3894 quar
1894 3866 2040 3896 praeteria,
2106 3863 2213 3888 Portam

1155 3891 1230 3919 vrbis
1245 3898 1356 3917 vomere
1374 3889 1455 3916 aratri
1476 3890 1652 3926 perstringere
1673 3892 1728 3918 Cic.
1745 3892 1813 3920 Phil.
1826 3903 1850 3925 2.
1865 3904 1909 3922 102
1930 3906 1951 3923 c.
1966 3908 2011 3931 40.
2080 3896 2119 3923 Id.
2135 3895 2167 3923 de
2180 3897 2212 3923 L.

1157 3929 1220 3962 Agr.
1235 3936 1260 3959 2,
1275 3929 1309 3952 66
1328 3935 1349 3951 c.
1364 3934 1394 3955 25
1420 3925 1502 3959 Quod
1516 3927 1601 3954 solum
1619 3933 1672 3953 tam
1688 3928 1758 3954 exile
1779 3936 1805 3955 et
1825 3940 1942 3958 macrum
1961 3934 2011 3964 eli,
2035 3932 2106 3965 quod
2121 3939 2212 3960 aratro

1155 3962 1298 3999 perstringi
1313 3970 1368 3987 non
1382 3960 1456 3995 possit
1469 3962 1478 3987 3
1588 3964 1694 3990 Horror
1714 3965 1867 4001 perstringit
1886 3968 2003 4002 aliquem
2023 3968 2082 3993 Liu.
2098 3963 2169 4000 1³⁸2&
2183 3976 2211 4001 4.

2065 4003 2213 4037 Magnique

2121 4039 2213 4064 femur

1392 4033 1460 4067 5N
