2517 4231
269 210 333 252 535
685 194 722 234 0
782 191 918 233 BT

309 291 330 312 Ο
338 290 356 311 Β
365 290 388 311 Τ
396 290 417 311 R
428 284 441 311 ῖ
451 289 475 311 Τ
485 290 508 310 V
517 289 550 319 8,
579 281 619 311 ὓς.
657 293 693 312 m.
729 280 933 315 [κατατέτηκ’]
975 276 1043 305 ΡΙίη.
1056 282 1091 309 18,
1106 282 1134 306 28
1167 276 1213 304 Ne
1234 274 1333 304 herbae

274 321 415 356 vellantur,
435 319 591 354 obtrituque
603 319 770 347 hebetentur.
1150 349 1157 354 .

310 362 332 384 o
342 362 359 383 Β
371 362 395 383 Τ
407 362 506 384 EsTo
515 362 535 383 R
545 374 555 387 ,
582 356 631 383 iri.
666 354 810 388 [sgoqxtssm
841 348 957 383 ἱκετεύω]
995 347 1036 375 Est
1055 348 1159 375 Precari
1178 357 1240 375 cum
1260 357 1332 374 men-

274 393 349 420 tione
362 401 453 419 earum
467 400 569 424 rerum,
582 400 629 427 per
644 398 707 424 quas
722 387 851 422 petimus,
875 386 994 412 Donatus
1007 385 1043 409 aa'
1053 384 1122 411 Ter.
1135 385 1217 412 Andr.
1234 394 1252 418 1,
1269 393 1289 413 5.
1303 392 1331 416 57

272 430 322 456 Per
335 434 406 455 tuam
420 427 516 461 fidem,
533 436 632 462 perque
645 425 723 451 huius
736 421 910 449 solitudinem
924 426 950 447 te
964 420 1098 456 obtestor,
1119 430 1152 447 ne
1165 420 1210 447 abs
1225 426 1250 446 te
1264 420 1331 445 hane
1352 422 1367 449 ς

508 464 564 490 Cic.
579 463 656 488 Verr.
671 469 683 490 ς
698 465 765 486 extr.
782 459 801 485 s.
814 463 854 491 187
887 457 1013 483 Caeteros
1032 455 1102 483 idem
1120 457 1199 490 deos,
1218 456 1332 490 deasque

866 492 906 520 Id.
920 493 992 519 Fam.
1006 494 1038 527 6,
1051 501 1078 518 22
1109 494 1183 526 Oro,
1205 492 1333 519 obtestor-

1248 529 1333 561 Neque

1275 563 1332 589 Cic.

272 465 298 491 se
317 473 346 491 re
364 474 401 492 es.

273 474 367 527 mimegs
380 499 498 535 imploro
511 506 588 532 atque
601 495 734 534 obtestor,
750 501 794 520 etc.
806 528 812 534 .
1074 528 1078 532 ·

274 546 326 572 que
347 544 371 564 te
392 545 442 571 pro
462 541 551 561 vetere
568 532 655 558 nostra
674 529 867 557 coniunctione
888 537 917 555 ac
930 527 1131 562 necessitudine,
1151 536 1196 555 etc.

272 582 331 599 vero
355 580 435 607 emper
447 570 568 596 adiicitur
581 570 670 593 mentio
682 565 794 601 exprgffii
805 573 896 598 eorum,
912 571 960 601 per
974 574 1035 600 quae
1052 565 1203 601 obtestamur.

272 617 323 644 pro
336 609 407 635 Cael,
424 612 452 639 78
469 614 489 630 c.
504 613 529 635 32
556 603 646 636 Qiare
658 611 720 634 oro,
740 601 911 636 obtestorque
924 610 973 628 vos
986 599 1099 631 Iudices,
1119 605 1149 627 vt
1163 608 1213 634 qua
1227 599 1255 626 in
1269 599 1334 625 ciui-
1348 605 1377 623 ιο

274 651 325 672 tate
340 643 427 679 paucis
441 640 481 667 his
496 638 588 665 diebus
602 639 669 665 Sext.
681 637 793 665 Clodius
811 636 945 663 absolutus
964 636 1008 669 sit,
1028 643 1073 662 etc.
1182 635 1334 663 Obtestatur

272 680 352 707 fidem
366 677 486 707 vestram,
505 673 771 709 misericordiamque
782 673 910 708 implorat
935 672 972 700 Id.
984 681 1033 706 pro
1046 672 1168 699 Muraen.
1182 678 1218 703 85.
1274 671 1333 698 Oro

271 715 440 747 obtestorque
453 717 487 743 te,
502 717 531 737 vt
543 710 676 743 Qiintum
688 710 799 736 fratrem
813 718 883 736 ames
912 709 951 736 Id.
967 709 1017 734 Att.
1031 717 1056 741 3,
1068 717 1102 739 23.
1210 707 1334 735 Precibus

271 750 395 779 omnibus
408 755 487 773 orare
506 753 532 772 et
551 746 678 774 obtestari
709 745 746 773 Id.
759 745 790 772 ad
804 746 876 773 Caes.
891 746 943 772 Att.
956 753 980 777 9,
996 753 1025 769 ii.
1118 743 1157 771 Id.
1173 744 1244 771 Fam.
1257 752 1293 776 10,
1308 748 1332 772 ¹8

270 786 328 814 Post
342 783 476 810 discess'um
492 782 650 817 legatorum,
671 791 753 817 quum
769 781 838 808 binis
852 780 986 807 continuis
1001 778 1086 805 literis
1105 786 1131 805 et
1143 780 1259 815 Lepidus
1281 788 1333 811 me,
1349 784 1373 810 15

269 829 298 848 Vt
311 820 434 848 venirem
446 826 568 854 rogaret,
589 824 614 845 et
628 817 774 845 Laterensis
794 817 880 844 multo
900 817 981 844 etiam
994 816 1076 850 magis
1089 824 1173 851 prope
1186 816 1333 851 implorans

269 856 455 885 obtestaretur,
473 864 529 881 non
543 855 634 887 vllam,
653 862 699 882 etc.

307 899 327 919 O
338 897 355 918 Β
367 898 389 918 T
399 897 416 917 E
425 897 439 917 s
447 897 500 917 TA
508 898 531 918 N
540 897 554 917 S
562 913 571 925 ‚
589 890 665 917 antis.
701 890 770 916 Part.
807 887 945 915 Obtestans
958 895 1052 913 omnes
1066 885 1129 912 deos
1145 887 1200 913 Cic.
1209 887 1258 914 Att.
1267 897 1288 920 3,
1297 896 1335 914 10.

267 929 305 955 al.
323 927 478 954 contestans.
553 927 612 953 Oro
626 932 704 959 atque
718 925 829 952 obsecro
843 930 878 958 te,
893 922 1108 950 necessitudinem
1123 923 1239 949 nostram
1252 929 1335 949 tuam·

268 973 320 999 que
332 964 361 990 in
375 972 417 989 me
431 962 647 989 beneuolentiam
661 961 794 988 obtestans
818 960 916 986 Brutus
930 959 961 985 ad
976 959 1033 985 Cic.
1049 959 1096 992 Ep.
1111 967 1142 991 ¹3·

307 1005 328 1027 0
339 1005 355 1026 Β
364 1005 386 1025 Τ
396 1005 413 1026 Ε
423 1005 437 1025 s
448 1005 470 1025 'r
482 1005 534 1025 AT
543 1005 565 1024 v
578 1005 591 1024 s
603 1019 611 1032 ,
647 1006 676 1030 a,
709 1006 764 1023 um.
795 995 983 1031 significatione
1007 993 1110 1028 Paffiui.
1184 993 1334 1020 Obtestatus

267 1044 344 1071 prece
357 1035 486 1069 impensa,
504 1033 685 1069 superstitibus
704 1032 823 1068 pepercit
849 1030 983 1058 Ammian.
992 1040 1024 1064 31,
1039 1041 1064 1065 9.
1138 1030 1273 1058 Obtestata
1283 1029 1335 1056 fide

266 1071 447 1107 praesentium
470 1071 547 1105 Apul.
562 1071 625 1097 Met.
643 1079 655 1096 2
675 1078 699 1104 p.
713 1078 761 1099 125-
799 1068 870 1094 Add.
892 1067 1014 1093 Elemenh.
1027 1069 1119 1093 emend.
1136 1075 1163 1102 p.
1178 1070 1227 1096 165.

308 1114 329 1135 o
341 1113 358 1134 Β
367 1113 388 1133 Τ
397 1113 415 1133 E
425 1113 437 1133 s
446 1108 523 1133 ΤᾹΤ
532 1114 542 1133 1
553 1113 573 1133 Ο
583 1127 592 1140 ,
614 1105 683 1132 onis.
719 1104 740 1131 f.
776 1103 949 1143 [ἓξορκισμᾷς]
984 1102 1041 1130 Cic.
1049 1103 1122 1130 Fam.
1139 1113 1160 1136 3,
1175 1113 1202 1143 ¹3,
1222 1102 1335 1129 Phaedri

266 1143 480 1174 obtestationem,
499 1142 595 1174 sedem,
616 1140 801 1173 domicilium,
823 1139 934 1174 vestigia
949 1139 1115 1165 summorum
1129 1139 1270 1166 hominum
1285 1138 1333 1165 sibi
1349 1147 1378 1172 25
1395 1140 1565 1174 Religionem
1581 1140 1651 1166 suam
1669 1139 1840 1165 obtinebunt.

267 1179 366 1207 tuenda
384 1180 434 1205 esse
453 1178 527 1206 dicit.
614 1177 688 1206 Idem
707 1185 756 1211 pro
771 1177 854 1203 Corn.
873 1174 946 1201 Balb.
968 1184 993 1207 33
1025 1175 1180 1202 Sanctiones
1195 1175 1334 1201 sacrandae

267 1217 342 1249 sunt,
368 1224 411 1241 aut
429 1223 528 1250 genere
547 1215 623 1250 ipso,
650 1219 694 1240 aut
717 1211 894 1239 obtestatione
912 1216 939 1237 et
957 1211 1156 1238 consecratione
1179 1211 1261 1245 legis,
1287 1219 1333 1238 etc.

267 1253 336 1279 Add.
358 1250 430 1278 Cael.
443 1250 477 1277 ad
489 1251 546 1279 Cic.
560 1251 632 1277 Fam.
646 1255 669 1284 8,
685 1256 723 1276 ¹0.
797 1247 858 1275 Liu.
873 1256 910 1280 27,
927 1254 959 1280 50
984 1248 1015 1274 In
1027 1256 1118 1282 preces
1134 1247 1334 1275 obtestationes-

266 1297 318 1323 que
331 1288 420 1315 versae
434 1287 569 1314 mulieres.
641 1286 761 1312 Donatus
774 1284 809 1310 ad
820 1283 889 1310 Ter.
905 1282 986 1309 Andr.
1002 1293 1019 1319 1,
1034 1293 1057 1316 5,
1071 1293 1100 1317 57
1132 1283 1280 1310 Obtestatio
1293 1283 1333 1310 di-

267 1331 352 1357 citur,
375 1323 482 1358 quando
501 1331 563 1349 eum
582 1321 751 1353 adiuramus,
772 1328 851 1354 quem
871 1327 1005 1353 rogamus.
1042 1320 1110 1354 confi
1131 1319 1201 1355 Nep.
1216 1328 1253 1352 22,
1267 1329 1332 1360 423.
1344 1331 1377 1355 30

266 1360 323 1387 Cic.
336 1369 386 1395 pro
400 1359 488 1387 Domo
504 1367 542 1390 ¹25
562 1368 583 1385 c.
597 1363 629 1393 48
661 1355 736 1391 Qiid
756 1363 820 1389 ergo
835 1353 880 1380 illa
898 1361 942 1380 tua
959 1361 1016 1381 tum
1037 1355 1178 1382 obtestatio
1194 1355 1333 1382 tibicinis?

265 1396 331 1430 quid
345 1395 470 1422 foculus?
490 1394 556 1430 quid
568 1394 674 1430 preces?
695 1391 759 1426 quid
773 1390 856 1425 prisca
869 1388 950 1416 verba
964 1390 1127 1418 voluerunt?
1156 1394 1208 1417 Vox
1219 1392 1333 1418 tibicinis

264 1431 468 1468 conftcrutionem
475 1431 546 1465 facit
558 1430 712 1465 astutiorem.
752 1428 809 1454 Vid.
822 1426 958 1452 Schwarz-
971 1427 1001 1451 de
1013 1426 1123 1461 clettstat.
1133 1427 1232 1461 sacror.
1257 1437 1281 1462 p.
1296 1433 1331 1459 38.

303 1473 324 1494 0
335 1473 351 1493 Β
363 1473 385 1494 Τ
396 1472 413 1494 E
423 1474 441 1493 Χ
452 1473 492 1499 0,
518 1466 607 1499 texui,
633 1470 750 1497 textum,
780 1464 834 1489 ere.
871 1463 1048 1496 [περινφαῐιω]
1089 1463 1203 1488 Texendo
1221 1464 1263 1488 vel
1280 1464 1334 1487 tela

263 1504 386 1537 obtegere.

262 1547 325 1565 rum
338 1537 454 1564 maxime
467 1537 592 1571 lanugine
605 1536 717 1563 obtexit.
799 1534 882 1560 Plaut.
898 1533 1001 1560 Mostel.
1018 1543 1036 1566 1,
1051 1543 1070 1567 1,
1084 1542 1109 1565 ai
1141 1533 1199 1560 Post
1218 1533 1264 1560 illa
1283 1533 1331 1559 ob-

262 1580 351 1600 texere
364 1582 421 1600 eam
435 1573 571 1608 negligens
584 1572 635 1599 fui.
724 1571 815 1598 Omne
835 1569 935 1596 fretum
957 1569 1035 1604 longa
1055 1570 1179 1596 velorum
1195 1569 1332 1599 obtexitur

262 1610 357 1636 vmbra
384 1610 446 1637 Stat.
462 1608 557 1635 Achill.
571 1617 592 1641 2,
607 1610 654 1635 116.
729 1606 839 1634 Caelum
852 1604 992 1632 obtexitur
1007 1605 1103 1633 vnibra
1129 1606 1206 1641 Virg.
1220 1607 1287 1633 Aen.
1302 1614 1332 1637 11,

261 1648 310 1673 611.
367 1645 478 1672 Caelum
492 1644 622 1671 obtexens
642 1652 690 1679 per
704 1643 789 1669 nubes
816 1641 881 1669 Plin.
896 1650 919 1675 2,
934 1648 972 1674 38.
1256 1652 1259 1656 ¹

300 1687 412 1708 OBTH
427 1687 447 1706 ν
461 1687 530 1713 ιο,
552 1683 960 1711 OBTHVRAMENTVM,
986 1677 1040 1704 vid.
1062 1684 1195 1705 OBTVR
1207 1684 1239 1705 0.

301 1723 322 1743 Ο
332 1723 348 1743 Β
359 1724 381 1743 Τ
393 1715 406 1743 ἶ
416 1722 433 1743 C
445 1724 461 1743 E
471 1723 492 1744 0
501 1737 510 1749 ‚
531 1715 575 1749 ui,
596 1721 650 1743 Fre.
687 1713 888 1749 [κατασιγᾶζω]
929 1715 1027 1741 Tacere.
1067 1714 1136 1741 Ter.
1151 1715 1216 1740 Eun.
1230 1722 1258 1747 ς,
1273 1723 1297 1746 1,
1317 1723 1331 1745 4

261 1752 350 1786 virgo
365 1753 476 1779 concissa
490 1751 559 1778 veste
578 1751 718 1777 lacrimans
731 1750 841 1776 obticet.
915 1749 1087 1780 Obdcemus,
1106 1750 1152 1776 vbi
1166 1750 1255 1776 dicere
1275 1757 1333 1775 rein

262 1788 346 1823 pudet
377 1787 474 1813 Donat.
547 1786 663 1813 Martial.
680 1795 723 1819 10,
744 1793 774 1819 ¹7
810 1785 841 1810 Et
856 1785 980 1817 queritur
998 1794 1079 1819 nugas
1095 1785 1234 1812 obticuiss'e
1253 1793 1332 1812 meaS.

262 1823 369 1851 Chorus
383 1823 498 1857 turpiter
511 1821 626 1848 obticuit
654 1822 723 1847 Hor.
736 1821 768 1846 de
780 1821 842 1845 Arte
857 1821 930 1846 Poet.
951 1826 1004 1852 284.

460 1502 528 1528 Plin.
542 1511 573 1536 ιι,
589 1511 615 1535 ¹9
639 1500 705 1527 Filis
717 1499 798 1527 etiam
809 1497 948 1530 araneosa,
968 1506 1126 1532 quacunque
1141 1497 1256 1530 inceslit‚
1277 1498 1332 1524 ala-
1347 1507 1378 1533 35
1394 1499 1456 1526 bem
1470 1500 1586 1534 aliquam
1599 1499 1680 1525 armis
1706 1498 1767 1524 Liu.
1785 1507 1826 1530 30,
1840 1506 1876 1530 ¹9-
2078 1496 2099 1537 ff
2120 1508 2132 1531 3

1698 1534 1767 1560 Plin.
1786 1541 1827 1564 12,
1846 1540 1856 1559 ι
1893 1532 1984 1560 Arbor
2002 1542 2079 1568 agros
2099 1535 2187 1570 longis
2207 1535 2331 1561 obtinens
2350 1532 2463 1560 vmbris.
2492 1552 2494 1557 ,

1343 1688 1381 1713 40
1394 1687 1493 1714 ruptum
1507 1678 1538 1714 cst
1560 1678 1586 1703 in
1604 1677 1720 1712 Populus
1736 1677 1815 1703 Rom.
1835 1685 1910 1703 antea
1928 1677 2075 1705 obtinebat.

1801 186 1839 227 O
1895 186 2021 228 BT
2382 191 2450 242 536

1391 278 1494 311 tinere,
1530 279 1548 305 ἱ.
1569 279 1693 311 Retinere,
1714 284 1811 314 tenere,
1828 277 1910 310 tueri,
1929 283 1954 303 et
1991 278 2074 312 (quod
2092 275 2142 313 ipse
2158 278 2239 312 dici't)
2275 277 2450 306 Conseruare.

1392 312 1570 349 Nobilitatem
1605 315 1671 341 Plin.
1689 323 1729 347 «3,
1751 324 1774 345 4-
1882 312 2000 339 Noctem
2020 311 2139 340 obtinuit
2159 314 2245 348 caligo
2283 314 2342 340 [111.
2357 323 2398 348 29,
2412 322 2451 347 27.

1392 348 1499 375 Nomen
1515 351 1613 385 pati-iae
1639 351 1705 377 Plin.
1720 359 1754 383 ις,
1767 355 1800 379 18.
1909 348 2016 374 Nomen
2030 349 2171 383 sapientiae
2200 351 2258 378 Cic.
2272 349 2351 376 Acad.
2365 360 2394 382 4,
2411 357 2452 381 24.

1392 384 1511 411 Noxiain
1525 387 1621 413 veneni
1647 387 1711 413 Plin.
1726 395 1768 422 20,
1783 394 1816 418 13.
1910 384 1965 411 Cic.
1979 384 2034 411 Off.
2049 394 2072 419 2,
2087 395 2113 418 43
2146 387 2179 412 At
2192 386 2248 412 eius
2263 386 2312 413 filii
2328 394 2375 413 nec
2389 394 2452 420 pro-

1393 419 1490 446 bantur
1506 420 1595 454 bonis,
1611 430 1637 449 et
1653 422 1755 449 mortui
1769 422 1922 449 Numerum
1937 420 2060 447 obtinent
2073 421 2131 447 iure
2147 423 2299 454 caesorum,
2319 421 2344 449 b.
2358 431 2377 447 e.
2398 422 2453 447 Nu-

1391 463 1520 481 merantur
1530 458 1598 482 inter
1612 467 1658 491 eos,
1679 459 1723 493 qui
1740 459 1795 484 iure
1813 457 1887 490 occis?
1897 456 1969 492 sunt.
2008 458 2047 482 De
2060 457 2179 483 Gracchi}
2192 461 2313 493 loquitur.
2387 455 2453 491 Opi-

1393 491 1503 518 niouem
1516 492 1660 526 summam,
1686 495 1704 521 i.
1724 493 1938 530 existimationem,
1952 492 2053 527 firmam
2079 492 2188 525 Qlin&.
2205 504 2242 527 10,
2256 502 2279 527 5,
2295 500 2329 523 18.
2401 493 2454 519 Or-

1393 527 1483 553 dinem
1497 527 1571 553 suum
1604 528 1737 557 Columel.
1752 539 1774 565 3,
1788 532 1822 556 16.
1895 529 1952 555 Cic.
1967 537 2018 563 pro
2030 528 2124 560 Quint.
2144 534 2157 560 8
2187 532 2279 563 Qiurn
2297 528 2453 565 praesertim

1393 564 1431 598 Q
1444 562 1616 595 Hortensius,
1636 564 1683 598 qui
1701 565 1751 592 hoc
1770 565 1872 592 iudicio
1885 566 1971 592 Partes
1991 564 2148 591 accusatoris
2168 565 2285 598 obtinet,
2305 571 2397 592 contra
2410 572 2454 590 me

1394 599 1423 626 sit
1437 599 1567 626 (1181111111.
1652 599 1796 628 Primatum
1817 601 1883 636 apud
1899 610 1987 635 regem
2023 599 2090 626 Plin.
2103 609 2141 634 24,
2156 608 2192 636 17.
2249 604 2251 606 ’
2273 601 2455 635 Principatum

1394 635 1432 663 ld.
1446 644 1470 669 9,
1485 640 1520 665 18.
1568 670 1573 674 ⁴
1593 634 1666 660 Caes.
1679 635 1742 662 Bell.
1756 637 1823 664 Gall.
1835 647 1853 671 1,
1866 647 1877 670 3
1904 637 1959 671 Qii
1974 645 2007 663 eo
2021 642 2141 671 tempore
2154 637 2334 672 Principatum
2347 636 2375 663 in
2389 635 2455 662 ciui-

1394 678 1446 698 tate
1461 672 1504 697 sua
1518 669 1665 697 obtinebat.
1737 671 1914 707 Principatum
1927 673 2066 705 obtinere,
2083 675 2113 698 de
2124 673 2274 698 Inanimatis
2303 673 2370 700 Plin.
2383 681 2419 704 ¹42
2432 680 2456 698 2.

1394 708 1446 734 Pro
1460 708 1529 734 socia
1542 707 1615 733 nulla
1643 709 1744 739 (vxor)
1762 706 1865 735 obtinet
1878 711 1916 735 ius
1940 709 1999 736 Sall.
2015 710 2070 742 lug.
2085 714 2118 738 80
2130 715 2196 735 extr.

1394 743 1522 776 tinebam,
1542 752 1628 768 verum
1640 742 1686 777 ff
1697 743 1815 777 putabam
1838 745 1916 778 Apul.
1930 745 2006 780 Apol.
2018 751 2060 780 pr.
2133 743 2304 771 Prouinciam
2321 743 2456 777 obtinere,

1395 781 1413 806 ι’.
1432 780 1530 805 Habere
1541 779 1685 813 prtuinciae
1695 778 1908 813 gubernationem,
1930 782 1971 806 vel
1981 782 2090 816 regimen
2107 781 2173 815 quod
2185 788 2288 812 vocant,
2308 782 2343 806 ad
2354 786 2456 814 tenipus,

1394 824 1425 842 vt
1438 815 1587 851 Proconsul,
1607 822 1651 840 aut
1665 815 1786 847 Praetor,
1806 815 1850 839 vel
1860 821 1891 840 vt
1902 816 2029 852 Qaestor.
2138 816 2194 842 Cic.
2209 816 2287 843 Verr.
2302 826 2324 851 3,
2336 825 2372 848 ¹35
2398 816 2458 842 Iam

1393 857 1468 877 antea
1489 852 1518 878 in
1538 851 1599 878 sella
1620 850 1710 877 sedens
1729 850 1856 884 Praetor,
1891 859 1972 884 quum
1991 851 2160 879 Prouinciam
2174 851 2291 878 Siciliam
2312 851 2458 878 obtineret.

1393 887 1432 914 Id.
1447 887 1518 913 Fani.
1532 896 1550 920 i,
1565 896 1581 919 9
1609 887 1698 913 Postea
1713 895 1795 920 quum
1811 892 1839 912 tu
1853 886 2007 920 Hispaniam
2020 889 2171 915 citeriorem
2186 897 2245 914 cum
2260 888 2376 923 imperio
2389 886 2459 914 obii.
2487 908 2491 912 ,

1394 932 1487 954 neres,
1505 931 1590 958 neque
1604 921 1719 957 Respub.
1734 922 1862 948 Consules
1877 921 1996 954 haberet,
2016 923 2059 949 sed
2071 930 2230 950 mercatores
2244 924 2460 959 prouinciarum,

1394 966 1419 985 et
1433 959 1594 985 seditionum
1607 960 1697 985 seruos
1711 967 1740 984 ac
1755 958 1899 985 ministros.
2341 960 2459 986 Terent.

1971 958 2112 985 Rationem
2143 960 2209 987 Plin.
2225 968 2261 994 i7,
2276 969 2298 987 2.

1394 995 1506 1030 Adelph.
1521 1004 1543 1028 ς,
1558 1004 1578 1027 3,
1591 997 1620 1021 26
1654 995 1769 1021 Eandem
1791 994 1865 1020 illam
1884 994 2016 1021 rationem
2035 995 2171 1028 antiquam
2189 996 2297 1023 obtine:
2317 996 2460 1028 conserua,
2495 1023 2497 1026 ⁴

1395 1040 1508 1066 quaere,
1527 1039 1614 1066 parce.
1686 1031 1808 1065 Regnum
1822 1031 1851 1056 in
1866 1030 1993 1065 Sequanis
2010 1029 2150 1065 obtinere„
2167 1033 2190 1057 h.
2204 1041 2223 1058 e.
2243 1032 2364 1067 Sequanis
2381 1031 2459 1056 domi·-

1394 1068 1455 1093 nari
1481 1067 1552 1093 Caes.
1567 1067 1631 1093 Bell.
1647 1067 1716 1094 Gall.
1733 1077 1751 1100 1,
1766 1077 1787 1097 4.
1823 1067 1881 1093 add.
1901 1068 1934 1094 ib.
1953 1075 1975 1092 c.
1989 1075 2010 1098 3.
2089 1066 2147 1092 Cic.
2162 1068 2214 1092 Att.
2231 1077 2250 1100 i,
2265 1077 2294 1101 ¹4

1396 1103 1452 1135 illa,
1466 1112 1533 1137 quae
1548 1104 1646 1130 violata
1660 1102 1879 1138 expiabuntur‚et
1892 1102 1965 1133 haec,
1979 1110 2045 1136 quae
2058 1102 2117 1128 sunt
2132 1102 2286 1129 sanetiffime
2294 1105 2460 1134 conseruata,

1919 1138 1976 1164 Cic.
1992 1137 2024 1164 de
2035 1138 2125 1165 Finib.
2138 1150 2151 1170 4
2160 1159 2168 1171 ,
2181 1145 2214 1172 78
2245 1139 2305 1165 Hoc
2317 1148 2373 1165 vno
2387 1138 2459 1165 vitio

1395 1177 1511 1202 maxime
1523 1175 1592 1202 mihi
1606 1176 1691 1210 premi
1703 1175 1830 1202 videntur
1842 1175 1880 1202 tui
1893 1175 1991 1209 Stoici,
2012 1174 2084 1208 quod
2097 1176 2122 1201 se
2136 1176 2205 1209 posi‘e
2219 1181 2311 1209 putant
2324 1174 2386 1201 duas
2399 1182 2462 1200 con-

1394 1213 1489 1239 trarias
1504 1213 1649 1239 Sententias
1664 1211 1796 1238 obtinere.

1393 1249 1457 1275 Sull.
1472 1257 1500 1280 19
1519 1258 1539 1274 c.
1555 1250 1580 1274 6.
1654 1247 1823 1274 Venustatem
1844 1247 1978 1281 antiquam
2011 1245 2080 1273 Ter.
2093 1247 2158 1273 Hec.
2173 1257 2200 1280 5,
2214 1259 2244 1280 4,
2260 1256 2293 1280 17.
2365 1247 2461 1271 vicem

1394 1284 1509 1310 antidoti
1523 1283 1646 1310 obtinere
1673 1284 1739 1310 Pliu.
1758 1292 1793 1316 32,
1808 1292 1833 1316 9.
1872 1285 1941 1309 Ada'.
1964 1282 2076 1315 Qun&
2091 1292 2121 1314 11,
2136 1292 2158 1315 3,
2173 1288 2211 1312 87.
2284 1281 2341 1309 Cic.
2355 1282 2387 1309 de
2395 1281 2460 1309 Nat.

1395 1321 1478 1346 Deor.
1495 1329 1519 1352 i,
1533 1322 1559 1351 36
1598 1320 1671 1345 Zeno
1692 1320 1837 1346 naturalem
1853 1319 1936 1353 legem
1952 1319 2014 1344 Vim
2028 1318 2149 1344 diuinam
2164 1320 2213 1345 esl‘e
2227 1319 2328 1349 censet,
2348 1325 2460 1351 eamque
2488 1333 2494 1342 ,-

2396 1353 2463 1380 Vini

1394 1357 1451 1382 vim
1471 1355 1594 1382 obtinere
1614 1355 1685 1381 reeta
1705 1356 1899 1390 imperantem,
1919 1354 2161 1390 prohibentemque
2180 1355 2323 1382 contraria.

1393 1392 1579 1419 medicamenti
1595 1389 1701 1417 obtinet
1738 1391 1805 1417 Plin.
1823 1400 1858 1424 ιι,
1873 1401 1915 1423 42.

1393 1429 1451 1455 Cic.
1466 1437 1515 1463 pro
1530 1427 1605 1454 Rosc.
1619 1427 1709 1452 Amer.
1723 1433 1757 1460 77
1782 1427 1862 1459 Qiod
1878 1426 1979 1452 tametsi
1993 1427 2120 1454 miserum
2134 1434 2159 1453 et
2175 1428 2316 1461 indignum
2331 1426 2378 1460 est,
2391 1426 2462 1487 ἰεῦεἴ
2489 1455 2504 1468 .

2170 1499 2298 1534 Obserua:
2319 1468 2464 1530 Οὺῐὶηεῖὲ,
2484 1482 2509 1534 ,νηῖ

1393 1471 1482 1490 tamen
1496 1472 1582 1498 aequo
1597 1463 1698 1495 animo,
1720 1461 1834 1494 Iudices,
1853 1461 1870 1488 fi
1884 1471 1931 1496 per
1946 1471 1995 1489 vos
2004 1463 2094 1488 Vitam
2108 1463 2191 1497 potest
2205 1462 2337 1489 obtinere.

1410 1545 1437 1559 ro
1457 1537 1520 1561 Occu
1538 1544 1590 1562 are.

1389 1542 1507 1598 abtinet
1520 1542 1720 1605 iynipeisomlliter
1733 1570 1880 1595 recentiores
1891 1576 1981 1604 potiere
1987 1569 2079 1605 sulem,
2098 1577 2144 1606 pro
2162 1570 2337 1604 consuetudo,
2360 1570 2463 1596 senten-

1393 1607 1446 1642 tia,
1468 1606 1572 1634 obtinet
1589 1605 1723 1632 homines.

1392 1651 1467 1671 antea
1481 1642 1635 1673 obtinebat,
1657 1650 1735 1676 regna
1748 1647 1828 1674 atque
1842 1641 1957 1676 imperia
1975 1641 2112 1669 fortunam
2129 1642 2202 1669 dono
2217 1642 2292 1669 dai-e:
2314 1643 2391 1679 ‚Qod
2409 1650 2463 1667 cor.

2153 1680 2208 1705 Vid.
2231 1689 2256 1705 n.
2270 1688 2283 1706 2
2320 1679 2374 1705 Lex
2393 1676 2462 1704 obti-

1393 1721 1481 1741 netur.
1559 1715 1634 1738 Verus
1660 1713 1718 1739 Sall·
1733 1714 1789 1746 Iug.
1804 1720 1841 1748 17,
1856 1723 1868 1746 7
1901 1714 2070 1748 Qiamquam
2088 1714 2120 1741 ab
2133 1723 2162 1741 ea
2175 1715 2261 1748 fama,
2282 1723 2349 1749 quae
2363 1713 2462 1748 pleros-

1393 1759 1445 1784 que
1459 1749 1574 1780 obtinet,
1592 1749 1728 1774 diuersum
1741 1748 1786 1774 est.
1859 1750 1893 1774 Et
1911 1751 1969 1783 lug.
1989 1755 2021 1779 80
2041 1760 2108 1777 extr.
2147 1750 2231 1778 Nulla
2246 1760 2296 1786 pro
2309 1751 2378 1778 socia
2391 1749 2462 1776 obti.

1393 1791 1439 1811 net
1460 1786 1533 1817 (ius)
1553 1785 1654 1818 pariter
1668 1792 1762 1809 omnes
1781 1785 1908 1816 (Ἧκον-ω)
1928 1785 1996 1809 viles
2010 1786 2078 1811 sunt.

1388 1820 1566 1857 personaliter.
1660 1819 1767 1852 leian.
1783 1818 1811 1843 in
1831 1817 1848 1843 l.
1866 1828 1882 1843 1.
1904 1818 1937 1844 D.
1952 1818 1983 1844 de
1997 1818 2066 1845 offic.

2091 1821 2196 1854 Quaest.
2236 1822 2326 1848 Hodie
2339 1821 2463 1849 obtinuit

301 1866 322 1886 0
333 1865 349 1885 Β
359 1865 382 1886 Τ
393 1865 403 1884 1
413 1864 430 1885 C
442 1864 459 1884 E
471 1865 493 1884 N
506 1864 528 1884 T
540 1865 549 1884 1
559 1865 596 1890 Α,
623 1865 662 1883 ae.
701 1856 720 1882 f·
758 1855 956 1890 [inanimem]
993 1856 1130 1889 Quinem.
1145 1866 1169 1890 9,
1179 1865 1202 1887 2,
1218 1865 1245 1888 54
1272 1858 1331 1882 ἄπο·
1344 1866 1379 1893 43
1394 1856 1581 1898 indifferenter
1595 1854 1754 1888 Quaestores
1767 1854 1862 1883 creari,
1879 1861 1932 1880 tam
1946 1855 2074 1888 patricios
2083 1877 2092 1889 ‚
2112 1865 2191 1888 quam
2210 1856 2339 1891 plebeios.
2413 1856 2462 1883 Vl.

261 1894 387 1926 σιῶπκσιε,
408 1903 487 1930 quam
501 1893 572 1920 idem
586 1893 684 1920 Cicero
697 1891 871 1924 reticentiam,
892 1892 981 1918 Celsus
994 1891 1183 1926 obticentiam,
1205 1891 1330 1918 nonnulli

261 1930 490 1965 interruptionem
506 1929 648 1964 appellant,
668 1935 694 1955 et
706 1929 761 1963 ipsa
774 1926 889 1954 ostendit
902 1928 1021 1954 affectus.

301 1973 322 1993 0
333 1973 349 1993 Β
359 1973 381 1993 Τ
392 1965 405 1992 Γ
414 1974 436 1992 N
446 1972 462 1992 E
474 1972 495 1992 Ο
504 1986 513 1998 ,
543 1965 614 1991 tinui
624 1984 631 1995 ,
657 1970 760 1990 tentum
768 1984 777 1996 ,
803 1967 857 1990 e‘re.
894 1965 1006 1996 [ia-sxa,
1033 1964 1142 1998 utqui-fai]
1181 1965 1329 1998 Impetrare,

260 2002 370 2036 afflaqui,
391 2001 490 2027 habere
520 2001 578 2026 Cic.
593 2001 646 2025 Att.
667 2002 703 2030 16,
721 2009 743 2030 17
761 2001 825 2031 (16)
854 1998 883 2025 td
904 2005 932 2024 tu
946 2008 995 2024 nos
1010 1998 1154 2024 obtinuisse
1172 2008 1227 2024 non
1247 1998 1329 2024 modo

257 2038 337 2064 facile
351 2037 462 2071 patiare,
486 2035 528 2060 sed
545 2035 624 2060 etiam
637 2033 761 2067 gaudeas.

255 2073 376 2100 ferretur
397 2070 551 2102 candidato,
571 2077 650 2104 quern
665 2067 807 2094 Africanus
825 2067 910 2092 frater
927 2066 1047 2092 ducebat.
1120 2067 1176 2092 Cic.
1191 2067 1261 2091 Fam.
1276 2071 1297 2097 8,
1313 2068 1327 2090 6

257 2107 397 2137 Leniffime
411 2108 484 2134 enini
504 2106 566 2141 quia
580 2104 612 2131 de
628 2103 809 2130 intercalando
823 2111 877 2128 non
892 2101 1061 2134 obtinuerat,
1081 2100 1224 2134 transfugit
1239 2100 1269 2125 ad
1283 2109 1329 2133 po-

257 2145 360 2181 pulum.
433 2142 565 2170 Obtinere
586 2147 610 2167 et
631 2139 750 2175 Repelli,
772 2141 911 2165 contraria.
985 2137 1042 2164 Cic.
1057 2138 1130 2165 Fam.
1147 2146 1172 2171 ι,
1187 2146 1199 2166 5
1233 2136 1290 2163 Nec
1310 2134 1329 2161 fi

257 2180 323 2216 quid
338 2188 394 2206 non
409 2179 624 2210 obtinuerimus,
641 2175 736 2211 repulsi
749 2175 798 2202 esse
817 2173 967 2200 videamur.
1041 2174 1243 2200 Perseueraiiter
1260 2171 1329 2198 obti-

257 2225 331 2248 nere,
352 2217 408 2241 vid.
430 2219 675 2241 PERSEVERO.

257 2254 313 2280 καὶ
333 2250 540 2286 Ῡιιύβαηιίιιονιιηι
560 2248 705 2283 dispqfitae:
741 2245 910 2273 Academiam
933 2245 1080 2272 Carneades
1101 2250 1127 2271 et
1147 2243 1330 2271 Clitomachus

258 2288 434 2320 obtinebant,
461 2287 485 2312 h.
504 2296 524 2312 e.
550 2286 621 2310 Velut
639 2283 779 2319 regnabam·
797 2283 825 2307 in
843 2282 981 2308 Academia
1017 2281 1073 2309 Cic.
1093 2281 1126 2307 de
1146 2281 1222 2307 Orat.
1242 2289 1266 2312 1,
1286 2288 1330 2312 43.

257 2323 476 2351 Admirationem
496 2321 640 2352 obtinere,
667 2321 697 2345 In
717 2318 884 2344 admiratione
899 2317 946 2353 qffi’
980 2317 1046 2344 Plin.
1060 2327 1102 2350 3³,
1118 2327 1138 2343 2.
1212 2317 1330 2342 Aetatem

259 2360 344 2387 Plaut.
355 2359 445 2385 cistei.
457 2368 474 2390 i,
490 2366 509 2390 1,
522 2365 554 2390 3¹·
628 2356 721 2381 Artem
744 2353 782 2381 Id.
797 2353 879 2379 Milit.
889 2362 912 2388 2,
924 2362 947 2386 2,
956 2363 994 2386 30.
1070 2353 1180 2380 Causam
1196 2351 1330 2384 obtinere,

259 2396 326 2431 quod
337 2402 360 2420 et
378 2396 481 2420 Vincere
496 2392 593 2427 tausam
605 2392 721 2416 dicimus.

259 2430 396 2463 obtinuit,
427 2429 457 2455 in
478 2429 580 2464 optima
600 2426 728 2453 concidit.
765 2427 795 2451 de
818 2425 937 2460 Pompeio.
1011 2425 1176 2459 Dignitatem
1195 2424 1331 2457 obtinere,

256 2474 304 2504 pro
318 2467 433 2492 Retinere
446 2473 470 2491 et
486 2464 636 2498 cnnserwre.
712 2460 768 2488 Cic.
783 2462 855 2488 Fam.
871 2470 893 2494 7,
907 2469 926 2486 ιι
963 2461 998 2487 Vt
1013 2461 1030 2486 si
1046 2461 1102 2486 istic
1122 2469 1181 2486 inea
1196 2468 1330 2486 commen-

261 2503 370 2530 datione
384 2507 456 2527 tuam
471 2500 634 2534 Dignitatem
650 2496 795 2531 obtinebis,
811 2497 928 2533 perferas
944 2496 1027 2523 nostri
1042 2496 1211 2523 desiderium.
1285 2495 1332 2522 Di-

260 2538 388 2573 gnitatem
406 2536 543 2571 pristinam
576 2535 614 2562 Id.
628 2534 694 2562 ibid.
708 2545 732 2566 4,
746 2543 771 2565 14
788 2540 828 2568 pr.
902 2532 941 2559 Id.
959 2532 991 2559 de
1004 2532 1092 2561 Finib.
1105 2542 1127 2566 2,
1142 2541 1167 2564 τι
1197 2533 1330 2566 Certeque

835 2032 898 2058 Liu.
913 2041 948 2063 35,
963 2042 990 2058 10
1026 2034 1050 2059 Is
1065 2033 1195 2063 obtinuit,
1214 2039 1242 2057 vt
1256 2041 1328 2065 prae·
1342 2046 1376 2069 50
1391 2042 1585 2064 nonnunquam
1601 2034 1698 2061 etiam,
1718 2032 1791 2063 quod
1810 2032 1872 2058 inde
1887 2033 2062 2061 obtinebatur
2077 2036 2220 2062 confessum
2241 2041 2307 2061 erat.

858 2245 864 2250 ⁴
877 2208 898 2248 ff
920 2219 933 2236 2
971 2210 1109 2241 formulae,
1126 2210 1215 2234 ordine
1229 2210 1328 2233 elemen-
1347 2221 1376 2247 53

1393 1902 1463 1928 pian.
1479 1892 1508 1918 in
1523 1892 1540 1918 1.
1579 1892 1604 1918 Si
1625 1891 1652 1917 in
1672 1890 1798 1924 aliquam.
1836 1889 1867 1915 D.
1883 1889 1915 1916 de
1929 1889 1999 1916 offic.
2018 1891 2141 1918 Procons.
2177 1892 2208 1918 Et
2223 1892 2305 1918 ferias
2317 1892 2461 1920 secundum

1392 1937 1481 1955 mores
1494 1934 1519 1954 et
1533 1926 1762 1958 consuetudinem,
1783 1934 1850 1960 quae
1864 1932 1939 1952 retro
1951 1927 2082 1960 obtinuit,
2097 1927 2167 1954 dare.
2204 1929 2244 1953 Si:
2258 1929 2332 1954 etiam
2347 1927 2461 1961 Qun&-

1392 1975 1400 1992 1
1469 1973 1507 1991 ⁸0.

1392 1986 1413 2033 7⁹,
1423 1973 1451 2032 i:
1465 1983 1480 2024 (³³
1513 2000 1679 2025 Transibam
1699 2007 1764 2031 ergo
1783 1997 1814 2023 ad
1829 1998 1981 2032 responsum
1998 2000 2077 2032 partis
2091 2000 2199 2026 alterius
2210 2020 2217 2032 ,
2238 1999 2309 2025 idem
2322 1998 2456 2026 intuebar:

1392 2074 1485 2105 netur,
1512 2066 1612 2104 impers-
1723 2066 1779 2102 Cif-
1796 2068 1848 2090 Att.
1865 2076 1893 2097 ιι,
1910 2077 1923 2097 7
1961 2069 2031 2095 Nam
2046 2071 2063 2096 si
2077 2073 2254 2104 perstiterant,
2271 2079 2298 2097 et
2311 2068 2450 2103 obtinenti-3

1392 2101 1458 2135 quid
1472 2099 1550 2125 nobis
1564 2103 1685 2125 tuturuni
1699 2099 1729 2125 sit
1742 2098 1826 2125 Vides,
1863 2100 1928 2125 Alia
1941 2105 2096 2138 exemplaria
2115 2107 2202 2140 legunt
2223 2107 2362 2134 Obtinent.
2398 2106 2452 2133 Vid-

1387 2136 1469 2173 paulla
1483 2143 1542 2161 ante
1561 2136 1615 2162 Lex
1628 2135 1776 2161 obtinetur.

1431 2178 1451 2199 0
1465 2178 1482 2199 B
1493 2179 1514 2197 T
1525 2179 1533 2197 1
1545 2178 1567 2197 N
1580 2178 1596 2197 E
1610 2177 1631 2197 Ν
1644 2178 1674 2202 s,
1696 2171 1815 2197 Africam
1833 2170 1995 2199 interiorem
2023 2173 2080 2201 Cic.
2092 2175 2123 2202 in
2136 2176 2237 2204 Sallust.
2253 2186 2275 2205 c.
2288 2187 2312 2210 7.
2353 2174 2359 2186 Ἰ

1431 2214 1450 2234 o
1465 2214 1481 2234 Β
1492 2214 1570 2234 TEN
1581 2214 1632 2233 ‘rv
1643 2214 1672 2242 S,
1707 2215 1737 2239 a,
1766 2216 1821 2233 um.
1859 2208 1927 2234 Part.
1970 2210 2111 2237 Voluimus
2137 2213 2267 2247 quaedam
2287 2229 2334 2234 —
2352 2212 2459 2241 obtenta

1391 2253 1446 2270 non
1462 2245 1520 2270 sunt
1547 2244 1603 2270 Cic.
1620 2253 1668 2278 pro
1683 2243 1765 2270 Balbo
1781 2250 1849 2278 c.27.
1923 2244 2004 2271 Aditu
2020 2248 2090 2280 regis
2104 2248 2216 2276 obtento
2249 2249 2339 2277 lustin.
2348 2258 2386 2282 21,
2399 2251 2457 2282 6,5.

1393 2280 1509 2306 Obtenta
1527 2280 1554 2305 in
1576 2279 1724 2314 praemium
1738 2278 1851 2313 Captiua
1881 2279 1972 2306 lustin.
1985 2289 2008 2313 2,
2022 2291 2049 2314 4,
2063 2289 2104 2314 2⁴·
2178 2284 2333 2311 concubitu
2346 2286 2459 2312 Alexan.

1391 2316 1434 2342 dri
1450 2316 1562 2342 obtento
1589 2316 1682 2343 lustin.
1697 2325 1719 2346 2.
1735 2325 1760 2348 4,
1775 2324 1808 2346 33.

1431 2359 1449 2378 o
1462 2358 1478 2378 Β
1492 2359 1514 2378 Τ
1527 2359 1573 2379 rx
1587 2359 1609 2378 ‘r
1623 2358 1662 2384 o,
1695 2356 1748 2377 are.
1786 2351 1927 2384 frequent.
1965 2352 2118 2386 [ἔπέχομαι]
2154 2353 2212 2380 Cic.
2236 2354 2288 2382 Att.
2309 2363 2342 2388 9,
2365 2364 2393 2382 ιο
2424 2355 2458 2382 Et

794 2390 851 2417 Cic.
866 2390 916 2415 Att.
931 2398 954 2422 7,
971 2398 998 2422 ²4
1022 2389 1104 2416 Malas
1118 2389 1212 2415 Causas
1229 2388 1331 2421 semper
1345 2394 1381 2419 60
1391 2394 1480 2415 tamen
1497 2389 1552 2423 spes
1566 2388 1694 2423 quaedam
1708 2396 1751 2413 me
1766 2386 1930 2419 ubter-tabat,
1951 2387 2011 2414 sore
2025 2395 2054 2415 vt
2068 2388 2170 2422 aliquid
2189 2390 2345 2417 conueniret
2357 2385 2459 2426 potius,

1391 2433 1471 2460 quain
1485 2432 1528 2450 aut
1543 2424 1585 2450 hic
1599 2432 1699 2451 tantum
1714 2423 1830 2454 sceleris,
1851 2430 1895 2448 aut
1908 2422 1955 2449 ille
1967 2429 2069 2451 tantum
2084 2425 2179 2460 flagitii
2192 2424 2353 2453 admitteret.

1431 2466 1475 2488 ΟΒ
1486 2468 1508 2487 Τ
1519 2469 1527 2487 1
1538 2469 1559 2487 N
1574 2467 1620 2487 EN
1631 2467 1669 2487 Ti
1682 2467 1718 2492 Α,
1740 2469 1778 2486 ae.
1816 2459 1836 2485 f.
1874 2459 1997 2487 Priscian.
2013 2466 2046 2490 18.

1427 2503 1446 2524 o
1456 2503 1472 2524 Β
1483 2504 1504 2523 Τ
1515 2505 1524 2524 1
1537 2503 1611 2524 κῦο
1622 2519 1629 2530 ,
1657 2495 1760 2531 obtigi,
1789 2498 1843 2522 ere.
1880 2494 2034 2532 [συμβαιμω]
2072 2497 2186 2522 Euenire.
2222 2497 2280 2522 Non
2299 2496 2352 2530 nist
2361 2497 2389 2522 in
2403 2503 2451 2523 ter.

1390 2534 1435 2559 tiis
1454 2534 1563 2567 personis
1582 2535 1685 2562 lsfritvr.
1760 2532 1816 2558 Cic.
1831 2532 1908 2557 Verr.
1925 2541 1947 2564 1,
1963 2541 1985 2558 21
2021 2532 2154 2565 Quaestor
2173 2540 2206 2557 ex
2226 2532 2450 2565 Senatusconfiilto

260 2574 349 2601 mallet
364 2572 486 2600 obtinere
500 2571 650 2599 Existimari
664 2570 752 2597 bonus
768 2569 821 2603 vir,
840 2575 868 2596 vt
880 2578 935 2595 non
950 2569 989 2602 sit,
1007 2577 1085 2603 quam
1101 2569 1159 2601 esse,
1173 2575 1202 2594 vt
1216 2577 1270 2594 non
1284 2577 1331 2602 pu-
1343 2569 1562 2606 63'pmuinciam
1577 2564 1686 2595 sortitus
1701 2578 1740 2594 es:
1760 2567 1857 2601 obtigit
1871 2567 1922 2593 tibi
1935 2569 2098 2595 Consularis.
2134 2567 2200 2593 cvm<
2218 2567 2291 2595 Id.in
2301 2569 2389 2596 Vatin.
2401 2577 2452 2600 e.5.

259 2616 341 2637 tetur.
416 2609 494 2635 Fama
507 2608 613 2634 obtinet
641 2607 700 2633 Liu.
716 2615 750 2639 21,
758 2607 798 2637 46.
871 2604 1079 2632 Firmitudiiiem
1093 2605 1177 2631 animi
1193 2604 1329 2637 obtinere,

262 2645 391 2681 Constanti
404 2646 486 2670 :inimo
499 2644 547 2678 effi
574 2643 656 2669 Plaut.
671 2642 739 2668 Asin.
754 2650 777 2673 2,
792 2650 814 2671 2,
828 2649 866 2673 54.
939 2641 1070 2668 Fortunas
1105 2642 1161 2667 Cic.
1178 2641 1249 2669 Fam.
1267 2650 1291 2674 4,
1306 2650 1329 2672 7.

262 2680 301 2710 ld.
317 2680 382 2707 ibid.
398 2690 418 2711 1,
431 2690 444 2713 7
481 2680 547 2708 Non
569 2678 665 2705 dubito
686 2677 751 2709 quin
774 2676 897 2710 adeptus,
917 2676 1050 2712 intelligas
1069 2683 1094 2704 te
1113 2677 1243 2704 facillime
1259 2677 1330 2710 poss'e

263 2717 388 2744 obtinere
401 2718 532 2743 summum
545 2722 624 2749 atque
635 2712 785 2740 altiffimum
799 2711 918 2738 Gradum
932 2713 1058 2740 ciuitatis.
1121 2713 1160 2740 Id.
1175 2721 1224 2747 pro
1234 2712 1329 2745 Qiint.

263 2762 292 2786 75
313 2755 402 2779 Vnum
415 2760 503 2779 tamen
516 2751 568 2778 hoc
583 2749 710 2784 cogitent,
730 2748 766 2775 ita
779 2749 805 2775 se
819 2756 913 2784 graues
927 2749 986 2779 esse,
1006 2755 1034 2775 vt
1050 2749 1067 2775 ti
1084 2749 1224 2776 veritatem
1240 2747 1331 2773 volent
1342 2759 1380 2787 70
1391 2748 1532 2782 Epod.4,t.

263 2788 390 2823 retinere,
409 2788 575 2814 Grauitatem
588 2785 681 2821 possint
693 2784 827 2812 obtinere.
900 2784 938 2811 Id.
952 2793 1002 2819 pro
1015 2785 1085 2811 Sulla
1100 2793 1127 2817 ¹9
1142 2794 1163 2810 c.
1178 2787 1193 2810 6
1220 2784 1288 2810 Patri
1303 2788 1331 2809 et

263 2825 332 2858 filio,
353 2833 469 2858 quorum
484 2823 551 2850 alter
563 2822 631 2857 apud
645 2831 688 2848 mc
700 2821 817 2856 parentis
832 2820 1008 2853 Grauitatem‚
1028 2821 1094 2847 alter
1109 2819 1159 2846 filii
1172 2819 1329 2846 suauitatem

263 2860 411 2889 obtinebat.
486 2859 524 2887 Id.
539 2860 611 2886 Fam.
627 2868 655 2891 4,
670 2867 692 2890 ¹3
727 2856 888 2884 Obtinemus
901 2856 979 2890 ipsius
996 2856 1114 2883 Caesaris
1129 2856 1256 2882 summam
1269 2863 1330 2888 erga

264 2907 313 2924 nos
328 2896 537 2924 Hunianitatem.
609 2893 756 2930 Imperium
771 2894 831 2920 suae
845 2892 961 2920 ciuitatis
987 2892 1059 2919 Caes.
1074 2892 1143 2918 B.G.
1160 2900 1180 2922 ι,
1194 2901 1214 2924 3.
1272 2891 1329 2917 Cic.

1391 2605 1474 2632 Plaut.
1488 2605 1556 2631 Rud.
1571 2614 1594 2638 3,
1610 2607 1635 2638 6,
1653 2613 1676 2638 :5
1708 2604 1779 2631 Tibi
1792 2602 1901 2637 obtigit,
1920 2603 1991 2636 quod
2006 2603 2118 2636 plurimi
2131 2609 2256 2637 exoptant
2269 2604 2326 2630 fibi.
2399 2603 2455 2631 Cic.

1392 2641 1446 2668 Off.
1462 2651 1480 2672 i,
1492 2650 1515 2667 21
1537 2651 1557 2667 e.
1571 2650 1589 2676 7
1615 2642 1651 2667 Ex
1667 2650 1720 2675 quo
1735 2639 1797 2674 quia
1813 2640 1887 2666 suum
1902 2639 2029 2672 cuiusque
2043 2638 2071 2665 sit
2085 2648 2190 2671 eorum,
2212 2648 2279 2674 quae
2292 2646 2387 2667 natura
2399 2639 2456 2666 fue-

1391 2685 1451 2704 rant
1463 2677 1633 2708 communia,
1655 2676 1726 2710 quod
1751 2677 1847 2710 cuique
1864 2674 1977 2708 obtigit,
1998 2674 2026 2701 id
2047 2675 2160 2708 quisque
2181 2680 2277 2703 teneat.

1392 2713 1448 2739 dies
1461 2713 1530 2739 mihi
1544 2713 1666 2738 aduersus
1695 2711 1774 2737 Plaut.
1785 2712 1855 2736 Men.
1870 2718 1892 2741 5,
1907 2719 1930 2742 5,
1945 2719 1961 2736 1.
2034 2710 2174 2737 Discordia
2189 2710 2258 2737 mihi
2272 2717 2360 2738 tecum
2387 2712 2456 2739 Hor.

1598 2746 1713 2773 'Occasio
1735 2746 1816 2772 l’laut.
1831 2745 1899 2771 Rud.
1910 2755 1934 2777 a,
1945 2755 1967 2779 2,
1977 2754 2016 2772 22.
2091 2746 2117 2774 Si
2131 2746 2204 2779 Qiid
2219 2747 2356 2782 obtigerit,
2369 2755 2456 2782 aequo

1389 2783 1481 2810 animo
1501 2788 1645 2817 paratoque
1666 2782 1768 2808 moriar
1799 2781 1855 2809 Cic.
1876 2781 1953 2808 Catil.
1972 2792 1990 2815 4
2009 2792 2031 2809 c.
2048 2790 2069 2809 2.
2118 2783 2174 2809 Via,
2189 2782 2270 2819 supra
2298 2789 2455 2811 Accino.

1390 2821 1479 2852 Qiam
1493 2818 1560 2845 mihi
1573 2818 1639 2844 dicis
1655 2817 1776 2852 obtigisse
1797 2817 1921 2850 airzei-:27
1942 2827 1997 2844 11011
2017 2818 2099 2846 modo
2118 2828 2254 2853 nunquam
2274 2819 2391 2847 deseram
2409 2827 2456 2848 m.

1389 2855 1446 2882 Cic.
1461 2856 1514 2881 Att.
1530 2865 1536 2881 1
1551 2863 1592 2889 ep.
1608 2854 1654 2880 vlt.
1765 2853 1871 2888 Obtigit
1889 2853 1940 2880 tibi
1959 2863 1991 2881 ex
2007 2854 2134 2881 sententia
2166 2855 2235 2883 Ter.
2250 2856 2346 2882 Heaut.
2360 2864 2388 2892 4,
2399 2865 2420 2889 3,
2432 2862 2456 2889 5.

1390 2891 1496 2918 Praeter
1511 2891 1580 2925 spem
1614 2890 1682 2916 Ter.
1697 2889 1805 2917 Phorm.
1821 2898 1846 2923 2,
1862 2900 1879 2924 1,
1892 2899 1917 2923 9.
2012 2890 2093 2918 Plaut.
2109 2890 2177 2918 Rud.
2193 2900 2222 2925 4,
2235 2893 2262 2927 6,
2275 2901 2289 2925 7
2320 2892 2456 2928 Eloquere

263 2934 343 2960 Verr.
356 2941 380 2967 ς,
396 2940 442 2965 124
479 2932 550 2958 Haec
564 2938 652 2958 autem
671 2930 739 2966 apud
759 2937 785 2957 te
805 2928 990 2963 cognationis,
1013 2928 1165 2960 fidelitatis,
1186 2926 1330 2959 vetustatis,
1345 2931 1378 2960 75
1390 2933 1419 2954 vt
1433 2927 1496 2954 haec
1509 2936 1550 2953 res
1565 2926 1664 2960 obtigit
1679 2926 1711 2952 de
1725 2925 1788 2953 filia.

262 2969 450 3000 auctoritatis,
473 2976 505 2993 ne
524 2967 574 2994 hoe
595 2967 704 3001 quidem
724 2966 793 2993 Iuris
812 2964 948 2995 obtinuit3
969 2970 997 2991 vt
1015 2964 1093 2991 vnius
1106 2963 1279 2991 honestiffimi
1293 2970 1330 2989 at-

264 3014 317 3040 que
332 3002 537 3031 innocentissimi
551 3002 618 3029 ciuis
633 3009 747 3029 mortem
767 3008 793 3028 et
806 3001 961 3037 sanguinem
983 3000 1177 3035 deprecaretur.
1231 3000 1250 3027 i.
1271 3001 1329 3026 Non

264 3048 362 3068 tantum
381 3040 470 3075 potuit.
543 3039 586 3066 Ius
607 3038 681 3064 suum
696 3044 788 3064 contra
803 3038 907 3071 aliquos
943 3036 982 3064 Id.
996 3044 1046 3072 pro
1060 3036 1155 3070 Qiiiit.
1175 3045 1213 3069 34.
1287 3037 1330 3062 Ius

264 3076 390 3104 obtinere
410 3075 502 3106 suum,
527 3075 570 3100 vel
587 3074 714 3101 Retinere
732 3082 787 3100 non
808 3075 893 3108 posse,
919 3073 1033 3099 dicebant
1052 3081 1146 3099 vetti-es
1166 3082 1233 3106 eum,
1261 3081 1331 3107 quem

263 3122 330 3140 nunc
343 3112 465 3149 iustitiam
477 3111 566 3137 babere
579 3110 623 3136 vel
635 3109 747 3144 consequi
760 3118 808 3133 non
824 3110 887 3143 poste
902 3109 1015 3136 dicimus.

264 3151 296 3180 ⁶5
319 3158 341 3175 c.
356 3149 391 3175 26
407 3154 448 3183 pr.
523 3146 577 3173 Hic
591 3144 759 3173 Philodamus
780 3144 869 3177 postea
888 3153 966 3178 quani
982 3145 1024 3172 Ius
1038 3146 1113 3171 suum
1132 3144 1256 3171 obtinere
1275 3153 1331 3170 non

264 3184 364 3220 potuit,
382 3190 411 3210 vt
424 3183 633 3212 humanitatem,
649 3179 920 3214 consuetudinemque
935 3181 1006 3207 suam
1021 3182 1164 3214 retineret,
1186 3180 1330 3208 laborabat.

266 3222 305 3246 Ex
321 3221 427 3247 Budm.
501 3219 540 3246 ld.
557 3218 611 3245 Off.
626 3227 648 3251 3,
662 3224 691 3249 84
709 3226 731 3244 c.
745 3225 771 3249 ²3
806 3216 839 3243 At
859 3215 902 3242 cui
921 3219 1021 3250 reguo?
1043 3217 1123 3250 Qiod
1145 3226 1158 3243 a
1172 3217 1292 3244 Tantalo
1306 3222 1331 3243 et

266 3256 362 3291 Pelope
375 3254 512 3291 proditum
526 3256 587 3282 Iure
601 3253 780 3281 obtinebatur.
853 3251 1001 3278 Lenitatem
1017 3262 1063 3287 per
1077 3254 1101 3279 se
1127 3253 1164 3280 [d.
1179 3262 1229 3288 pro
1243 3254 1331 3288 Ligar.

1089 3108 1146 3136 Cic.
1161 3109 1240 3135 Verr.
1254 3117 1264 3140 3
1286 3110 1331 3140 (1)
1345 3112 1378 3138 80
1391 3116 1495 3142 metum,
1523 3110 1567 3134 vel
1583 3109 1636 3134 alia
1657 3109 1742 3142 qumiis
1757 3108 1870 3138 ratione,
1890 3115 1919 3133 vt
1934 3111 2030 3134 mutusne
2045 3107 2208 3134 imbecilliores
2216 3108 2303 3139 fimus.

1427 2970 1447 2991 o
1460 2970 1477 2991 Β
1489 2970 1564 2990 ‘fix
1576 2970 1666 2996 Nio,
1697 2965 1746 2990 ire.
1784 2961 1885 2997 Ecquid
1905 2961 1947 2989 illi
1964 2970 2040 2990 aures
2059 2962 2246 2991 obtinnirent3
2275 2963 2353 3000 Apul.
2374 2963 2455 3000 Apol.

1390 3009 1414 3036 p.
1435 3008 1490 3033 303.

1430 3042 1665 3069 ossronpro,
1685 3035 1729 3069 ui,
1757 3039 1812 3062 ere.
1849 3034 2061 3071 [καταβλακεύω]
2098 3044 2115 3062 a
2133 3044 2179 3070 quo
2201 3040 2456 3070 OBTORPESCO,
2490 3058 2501 3068 .,

1391 3073 1445 3100 ere.
1523 3073 1599 3098 Valde
1619 3075 1742 3106 [ια-[11411111
1757 3072 1833 3107 fieri,
1853 3079 1876 3097 et
1898 3079 1994 3107 tmpore
2014 3073 2119 3106 quodam
2136 3072 2174 3096 ita
2192 3071 2274 3105 affici,
2292 3073 2337 3098 vel
2351 3079 2455 3108 propter

1392 3188 1472 3208 metu.
1545 3179 1682 3206 Subieelus
1703 3180 1817 3207 miseriis
1838 3179 1966 3215 obtorpui
2002 3179 2059 3206 Cic.
2076 3178 2159 3205 Tusc.
2181 3187 2207 3211 3,
2229 3181 2266 3211 63.
2311 3173 2349 3205 lix
2368 3182 2455 3210 Ροέω.

1392 3218 1518 3252 Squaniae
1530 3215 1693 3250 obtorpuere
1724 3217 1789 3244 Plin.
1804 3224 1828 3250 8,
1842 3223 1885 3251 27.

1391 3253 1441 3288 pic.
1455 3254 1514 3280 Seu.
1529 3252 1598 3278 Hist.
1612 3263 1638 3286 ς,
1656 3262 1678 3286 1,
1692 3261 1717 3286 9.
1742 3255 1772 3280 de
1785 3254 1876 3280 Iacobo.
1949 3252 2045 3278 Manus
2059 3250 2200 3286 obtorpuit
2229 3251 2286 3280 Cic.
2297 3261 2348 3287 pro
2361 3252 2453 3280 Domo

266 3299 299 3323 ις.
373 3291 410 3319 Id.
427 3291 511 3317 Tusc.
529 3299 552 3322 ς,
567 3296 602 3320 113
617 3299 639 3316 c.
654 3299 679 3322 41
705 3290 756 3322 (al.
776 3290 828 3321 40)
860 3286 932 3327 Mihi
953 3287 1062 3327 quidem
1084 3289 1112 3314 in
1131 3289 1186 3315 vita
1207 3289 1333 3316 seruanda
1348 3294 1378 3323 85
1390 3298 1430 3323 135
1449 3298 1470 3316 c.
1483 3297 1520 3321 52.
1554 3289 1612 3315 add.
1634 3289 1692 3315 Liu.
1706 3298 1779 3322 22,3
1799 3296 1865 3315 extr.

266 3326 375 3354 videtur
390 3327 436 3353 illa
451 3328 520 3360 Lex,
546 3334 612 3361 quae
632 3325 661 3352 in
676 3325 840 3352 Graecorum
853 3323 988 3350 conuiuiis
1006 3323 1158 3357 obtinetur,
1178 3325 1230 3351 Aut
1249 3325 1333 3355 bibat,

266 3362 373 3397 inquit,
392 3370 435 3389 aut
454 3362 540 3391 abeat.
611 3362 654 3387 Sic
672 3370 767 3388 omnes.-
794 3360 890 3387 Dauies
909 3369 939 3386 ex
958 3360 1098 3386 tonicam-11
1117 3359 1237 3387 obtinet:
1258 3362 1331 3394 male,

266 3407 320 3424 cum
334 3397 378 3423 illa
393 3399 457 3423 ratio
471 3399 591 3424 videatur
603 3398 659 3424 aeui*
673 3398 826 3425 recentioris.
856 3396 912 3422 Vid.
932 3405 958 3422 n.
974 3404 994 3427 3.
1066 3395 1214 3422 Licentiam
1232 3396 1332 3431 cupidi-

267 3439 351 3460 tatum
367 3434 471 3460 suarum
499 3434 554 3461 Cic.
563 3435 694 3468 Att·¹0‚4·
767 3432 856 3459 Litem
871 3431 995 3459 obtinere
1007 3431 1175 3464 etAmittcre‚
1195 3434 1331 3459 contraria.

268 3469 325 3496 Cic.
341 3478 390 3503 pro
403 3469 478 3495 Rofc.
492 3470 568 3496 Com.
584 3479 620 3497 10.

267 3505 355 3532 Litem
369 3511 412 3531 aut
425 3504 601 3539 obtineamus,
622 3511 667 3531 aut
679 3505 839 3532 amittamus.
929 3503 969 3531 Id.
984 3504 1013 3530 in
1027 3502 1115 3530 Parad.
1129 3513 1142 3535 5
1171 3505 1200 3530 In
1213 3504 1332 3538 ciuitate,

269 3541 316 3575 qui
332 3541 356 3567 se
369 3541 476 3567 istarum
492 3549 582 3567 reruni
597 3540 788 3576 cupiditatibus
803 3539 972 3573 dediderunt,
993 3538 1070 3575 ipsius
1083 3540 1217 3567 seruitutis
1231 3541 1331 3567 Locum

270 3585 352 3611 paene
370 3575 493 3603 infimum
508 3576 641 3603 obtinent.
678 3577 695 3603 i.
717 3577 823 3603 Minimi
834 3575 1001 3612 aestimantur.
1110 3576 1209 3602 Locum
1224 3577 1332 3603 tertium

269 3612 388 3638 Milesiae
400 3621 465 3639 oues
480 3612 603 3639 obtinent
627 3613 693 3640 Plin.
702 3619 726 3647 8,
738 3619 779 3646 48.
852 3612 907 3639 Cic.
915 3620 964 3646 pro
977 3612 1067 3639 Domo
1079 3613 1109 3642 86
1136 3612 1213 3639 Tum
1228 3613 1332 3646 amplis-

270 3647 341 3674 nmis
354 3648 475 3674 oxnnium
491 3648 598 3675 iudiciis
612 3648 750 3681 restituto,
771 3647 906 3675 maledieti
919 3648 1020 3674 Locuui
1034 3653 1078 3674 aut
1093 3648 1214 3674 criminis
1228 3648 1331 3674 obtinc-
1344 3654 1376 3681 95

269 3682 325 3710 bit:
347 3684 370 3710 h.
386 3694 406 3709 e.
426 3686 465 3710 An
479 3683 528 3710 hoc
543 3684 584 3711 illi
600 3691 719 3711 vertetur
731 3685 857 3711 crimini!
929 3683 968 3711 Id.
982 3684 1063 3711 Tusc.
1079 3695 1102 3717 4,
1120 3686 1152 3717 36
1182 3685 1262 3718 Qiod
1283 3685 1330 3711 nili

270 3728 304 3746 ιο
316 3719 427 3745 nomine
443 3719 555 3746 virtutes
573 3720 792 3753 continerentur,
811 3719 877 3746 illud
895 3720 934 3747 ita
952 3728 1086 3755 nunquam
1106 3720 1244 3755 vulgatum
1264 3721 1332 3753 csl'et,

270 3761 300 3781 vt
313 3755 367 3781 iam
382 3755 521 3790 prouerbii
535 3756 638 3781 Locum
651 3755 801 3789 obtineret,
837 3756 986 3783 Hominem
1006 3756 1079 3790 frugi
1098 3757 1189 3782 omnia
1209 3755 1280 3783 refte
1295 3757 1331 3783 sa-

272 3799 341 3818 cere.
422 3790 524 3816 Locum
536 3800 661 3825 magnum
682 3791 787 3818 obtinet
800 3792 827 3817 in
842 3791 1063 3819 medicaminibus
1077 3791 1140 3819 haec
1155 3792 1237 3819 herba
1264 3792 1331 3820 Plin.

271 3836 308 3862 ¹4,
323 3836 341 3853 i.
414 3826 515 3852 Locum
530 3827 669 3853 secundum
684 3827 806 3854 obtinere
835 3828 873 3854 Id.
890 3836 927 3862 12,
939 3837 972 3860 23.

272 3863 346 3890 Caes.
357 3861 421 3888 Bell.
434 3861 504 3888 Gall.
519 3871 537 3893 ι,
550 3870 574 3894 9.
647 3862 703 3888 Cic.
718 3872 767 3897 pro
779 3863 873 3897 Qiint.
887 3871 919 3897 75·
944 3864 1009 3891 Non
1024 3863 1056 3891 ad
1070 3864 1244 3891 obtinendum
1259 3865 1333 3891 Men-

273 3898 389 3930 dacium,
405 3896 448 3924 sed
461 3896 492 3923 ad
504 3905 598 3923 verum
611 3898 780 3932 probandum
799 3899 943 3926 aueioritas
964 3900 1081 3927 adiuuat.
1152 3899 1191 3928 Id.
1214 3901 1252 3933 Q.
1264 3900 1332 3927 Frat.

274 3944 294 3967 ι,
308 3944 315 3959 1
336 3944 358 3961 c.
374 3942 400 3965 ²7
437 3932 485 3960 Sed
499 3939 526 3959 et
539 3932 571 3959 ab
585 3933 634 3964 iis,
655 3933 687 3960 de
708 3934 804 3968 quibus
819 3935 920 3969 optime
941 3941 968 3962 tu
987 3936 1099 3963 meritus
1113 3945 1155 3972 es,
1175 3941 1201 3962 et
1220 3936 1265 3971 qui
1281 3937 1332 3963 tibi

274 3969 365 3996 omnia
387 3968 499 4001 debent,
516 3967 568 3994 hoc
581 3975 667 4003 petas,
686 3976 714 3996 vt
734 3970 861 3997 facilitate
881 3971 941 4003 sua,
962 3981 1011 3997 nos
1032 3980 1089 3998 eam
1111 3971 1332 3999 Necessitudinein

273 4014 341 4040 quae
354 4005 390 4032 est
403 4005 481 4032 nobit
495 4012 556 4032 eum
568 4003 726 4039 publicanis,
742 4004 866 4033 obtinere
879 4012 904 4033 et
917 4007 1073 4035 conseruare
1084 4008 1228 4044 patiantur.

693 3468 733 3496 Ad
750 3468 880 3495 iudicium
894 3467 945 3495 hoc
959 3466 1041 3494 modo
1056 3467 1189 3501 venimus,
1206 3474 1234 3495 vt
1248 3474 1330 3495 totam
1343 3477 1379 3502 90
1392 3471 1420 3497 111
1433 3469 1513 3497 vndas
1538 3469 1598 3496 Stat.
1612 3470 1705 3497 Theb.
1720 3479 1744 3509 5,¹
1757 3478 1810 3508 ⁴¹45

1063 3828 1164 3854 Ῑ-ΟΕΙΠΠ
1184 3828 1463 3863 principcmioodicat
1482 3833 1511 3856 ile
1529 3830 1593 3856 alio:
1618 3829 1749 3864 detrahit,
1770 3830 1815 3865 qui
1834 3830 1926 3855 minuit
1945 3831 2040 3854 lauaem
2061 3826 2173 3852 alivuius.

1278 4007 1332 4035 Ob·
1344 4008 1502 4045 105Phaedr.
1513 4017 1541 4043 2,
1551 4008 1592 4042 10,
1606 4019 1641 4036 io.

1429 3332 1448 3353 0
1460 3331 1476 3353 Β
1486 3331 1508 3351 Τ
1518 3331 1539 3352 0
1551 3330 1570 3351 R
1580 3330 1630 3363 ᾖν
1644 3331 1659 3351 Ε
1671 3331 1690 3352 o
1700 3346 1707 3358 ‚
1731 3325 1747 3352 si
1757 3347 1766 3359 ,
1786 3332 1841 3352 tum
1850 3345 1859 3357 ,
1878 3328 1932 3351 ere.
1970 3323 2112 3357 [συτρέφω]
2154 3324 2232 3349 Valde
2244 3325 2287 3350 vel
2297 3324 2454 3351 vehementer

1391 3369 1431 3388 nr
1449 3370 1513 3388 uere.

1392 3372 1577 3425 riisqresistenti
1587 3418 1595 3429 ‚
1616 3397 1650 3424 ita
1664 3398 1763 3425 collum
1776 3397 1804 3423 in
1820 3396 1933 3423 comitio
1949 3395 2071 3429 obtorsit‚
2090 3402 2119 3422 vt
2134 3397 2232 3422 multus
2246 3396 2348 3431 sanguis
2362 3396 2453 3423 efflue-

1392 3441 1432 3461 ret
1452 3434 1484 3461 de
1503 3433 1617 3460 naribus.
1654 3436 1683 3460 de
1698 3436 1788 3461 Marco
1801 3433 1871 3459 Liuio
1885 3431 1966 3467 Dnaesn
1985 3433 2104 3466 loquitur.
2177 3433 2286 3459 Proram
2306 3431 2453 3466 obtorquet

1391 3512 1460 3534 torta
1477 3505 1535 3542 gula
1547 3505 1579 3531 de
1594 3505 1725 3532 conuiuio
1737 3514 1766 3530 in
1784 3504 1902 3536 vincula,
1923 3510 2003 3538 atque
2022 3505 2049 3530 in
2065 3504 2186 3531 tenebras
2198 3503 2286 3538 abripi
2302 3504 2378 3530 iussit.

1429 3551 1449 3570 0
1459 3550 1474 3570 B
1483 3549 1504 3569 T
1513 3549 1532 3570 0
1542 3548 1557 3568 R
1569 3548 1590 3567 Τ
1600 3548 1619 3566 v
1630 3550 1659 3575 s,
1679 3550 1709 3574 a,
1729 3550 1785 3567 um.
1825 3541 1915 3567 Partic.

1391 3579 1504 3606 circulus
1535 3578 1607 3607 Vim.
1622 3580 1686 3604 Aen.
1700 3587 1728 3611 ς,
1748 3586 1802 3609 559.
1875 3577 1993 3604 Obtorto
2013 3577 2084 3603 collo
2104 3575 2136 3603 ad
2156 3584 2307 3611 praetorem
2325 3576 2404 3603 trahi.
2430 3576 2450 3603 i.

1390 3616 1473 3641 Inuite
1486 3622 1510 3640 et
1522 3614 1599 3640 malle
1629 3614 1710 3640 Plaut.
1726 3614 1804 3640 Poen.
1820 3621 1842 3647 3,
1859 3621 1882 3646 ς,
1894 3624 1931 3645 45.

1429 3657 1472 3678 OB
1482 3657 1503 3677 T
1513 3657 1530 3676 R
1541 3648 1588 3676 Ᾰιι
1600 3656 1619 3675 0
1629 3670 1636 3682 ‚
1657 3650 1698 3684 xi,
1719 3651 1772 3676 ere.
1811 3651 1955 3676 (Jhueriere.
1990 3648 2111 3676 Tertull.
2124 3647 2156 3674 de
2169 3646 2279 3674 veland.
2294 3647 2371 3682 Virg.
2389 3656 2410 3675 c.
2424 3653 2450 3681 ις

1391 3687 1418 3714 Si
1431 3685 1619 3714 tentationibus
1633 3686 1743 3720 gradum
1759 3685 1915 3712 obtraxerit.

1431 3727 1652 3754 OBTRECTO,
1672 3727 1725 3749 are.
1763 3722 1952 3757 [ἐπιπρέπῃ
1971 3720 2088 3754 διασύρει]
2124 3728 2155 3744 ex
2168 3717 2212 3744 Ob
2227 3727 2250 3744 et
2263 3718 2370 3746 Traflo
2389 3727 2449 3745 com.

1388 3760 1506 3795 posituim
1518 3758 1661 3792 fignificat,
1683 3766 1712 3784 vt
1729 3758 1766 3784 ait
1786 3758 1891 3788 Festus,
1911 3758 2011 3784 Contra
2025 3757 2136 3782 alienam
2156 3754 2312 3783 sententiam
2325 3754 2450 3788 traciare,

1692 3795 1718 3820 E*
1729 3805 1810 3820 asmus
1819 3812 1825 3824 ,
1846 3793 1988 3820 Obtre&at
2001 3792 2046 3827 qui
2065 3791 2221 3825 olrlnqiiitur,
2241 3795 2284 3825 qui
2300 3792 2364 3816 male
2375 3798 2447 3825 prae-

2217 3828 2321 3853 Videtur
2335 3829 2417 3862 primo
2432 3834 2448 3850 a

1392 3867 1446 3896 lusu
1459 3866 1564 3892 traflum
1576 3866 1618 3890 hoc
1631 3868 1729 3892 verbum
1749 3875 1844 3897 eorum,
1863 3865 1908 3900 qui
1922 3862 2045 3900 preheqsis
2057 3861 2132 3887 vm'm
2140 3862 2214 3894 funis
2228 3863 2317 3888 duobus
2330 3861 2448 3888 extremis

1392 3902 1542 3929 obtrec'taut
1551 3921 1559 3934 ,
1578 3901 1595 3927 ί.
1618 3902 1643 3925 in
1658 3901 1769 3936 ‹liuersas
1781 3909 1865 3936 partes
1879 3903 1986 3926 trahunt
1997 3899 2093 3931 funem,
2112 3899 2185 3923 dume
2205 3899 2227 3924 is
2240 3904 2387 3932 rumpatur,
2399 3894 2449 3936 ,υιζΙ

1391 3938 1457 3964 aller
1471 3939 1575 3963 alterum
1587 3938 1622 3962 ad
1632 3936 1660 3971 se
1678 3939 1764 3964 trahat
1779 3945 1823 3963 etr.

1392 3974 1464 4006 dere,
1484 3972 1658 4007 aegritudinis
1670 3974 1716 4007 est,
1729 3980 1754 4000 et
1767 3972 1905 4005 aemulari,
1919 3978 1943 3997 et
1955 3969 2112 3997 obtrectare.
2186 3971 2286 3996 Curam
2298 3968 2453 3996 obtrectare.

1716 4009 1878 4038 Germanico
1898 4014 1981 4041 vsque
2000 4004 2067 4033 adeo
2087 4005 2264 4038 obtret‘ltauit,
2282 4012 2311 4033 vt
2330 4011 2356 4032 et
2374 4011 2446 4065 plrae-

2377 4048 2390 4065 c
2402 4045 2447 4065 ara

1393 3789 1436 3822 seu
1452 3792 1619 3821 Maledicere.

2268 709 2318 736 Pro
2332 717 2398 734 vero
2409 705 2456 734 ob.
2486 726 2487 730 ,

2327 1068 2418 1100 Qiare
2431 1071 2460 1093 et
2495 1086 2505 1097 .

1869 1211 2031 1237 Suauitatem
2049 1210 2100 1236 filii
2116 1211 2184 1245 apud
2201 1210 2317 1245 aliquem
2349 1210 2397 1250 Id.»
2409 1218 2459 1244 pro
2491 1216 2505 1239 ¹.

2024 1391 2161 1417 Prooemii
2200 1390 2311 1425 Quirnc't.
2325 1399 2362 1422 4,
2376 1398 2404 1422 2,
2418 1392 2461 1416 26.
2499 1391 2501 1393 '

1798 1605 1980 1631 Pseudo-Sall.
2001 1605 2033 1632 de
2051 1607 2116 1641 Rep.
2139 1607 2227 1633 ordin.
2246 1614 2286 1642 pr.
2323 1607 2376 1633 Pro
2394 1612 2461 1632 vero
2498 1604 2499 1607 ’

2152 1788 2203 1812 Sed
2214 1795 2243 1812 vt
2264 1787 2397 1821 coepimus,
2416 1786 2463 1811 im·
2481 1807 2485 1810 .

1581 1962 1650 1997 PaſjT
1686 1961 1796 1995 Quin&
1811 1969 1835 1994 2,
1850 1970 1870 1989 ς,
1896 1967 1909 1992 8
1947 1962 2028 1995 Quod
2049 1963 2066 1989 si
2083 1964 2201 1998 potuerit
2220 1963 2347 1990 obtineri.
2419 1963 2460 1990 Id.
2478 1977 2484 1981 -

2349 2668 2470 2711 Obtigie‘

2378 3109 2434 3135 Cur
2447 3129 2456 3138 .
2485 3129 2488 3135 .

1393 3153 1461 3178 10,3,
1476 3154 1482 3170 1
1508 3145 1575 3178 Qiis
1589 3143 1708 3170 crederet
1723 3145 1826 3171 saeuam
1843 3144 1931 3178 paullo
1944 3149 2004 3170 ante
2016 3143 2173 3170 concionem
2184 3143 2351 3177 obtorpuisse
2366 3114 2457 3172 subiti>
2497 3167 2501 3173 .

1958 3215 2082 3242 Latitudo
2097 3214 2209 3241 femoris
2223 3214 2366 3251 obtorpuit
2397 3215 2455 3243 Sul·
2487 3248 2489 3250 ¹

1588 3363 1651 3388 Aur.
1667 3362 1738 3388 Vici.
1752 3362 1784 3388 de
1800 3361 1872 3386 Viris
1886 3358 2032 3386 illustribus
2046 3369 2067 3386 c.
2077 3362 2109 3386 66
2139 3360 2250 3386 Consuli
2264 3359 2367 3395 legibus
2379 3369 2452 3395 agra·
2472 3356 2490 3375 ¹'

1884 3468 1938 3495 Cic.
1954 3469 2032 3495 Verr.
2046 3471 2071 3501 6,
2088 3471 2141 3501 (4)
2162 3477 2192 3502 24
2212 3476 2233 3494 c.
2247 3477 2275 3494 10
2302 3469 2390 3501 Qiem
2403 3467 2451 3496 ob·
2479 3488 2482 3496 .

1952 3540 2119 3576 [σύςςεπτος]
2157 3539 2266 3567 Obtorti
2280 3540 2339 3566 auri
2354 3539 2450 3567 flexili·
2482 3539 2489 3566 ¹.

1898 3936 1954 3963 Cic.
1969 3934 2051 3960 Tusc.
2066 3943 2086 3965 ς,
2103 3943 2131 3964 ⁴5
2151 3943 2172 3960 c.
2188 3943 2220 3960 20
2252 3933 2323 3960 Nam
2337 3940 2363 3960 et
2378 3934 2446 3959 inut-
2475 3953 2477 3956 .
2500 3928 2504 3937 '
