2517 4231
45 211 121 253 309
458 192 706 234 Mon

47 284 144 316 Oratio
157 284 319 312 modulatior
330 282 481 319 aptiorque.
554 283 651 319 Superl.
671 281 765 309 Florus
778 288 801 310 2,
809 288 833 312 7,
848 287 872 310 15
909 280 997 317 Qum
1009 278 1103 306 modu-

46 321 167 350 latiffimo
181 321 271 355 aliquo
284 319 420 353 tibiarum,
439 326 484 346 aut
497 318 591 346 fidium
612 324 687 345 cantu
700 315 867 343 fruebantur.

81 364 107 384 M
120 363 140 384 0
156 363 174 384 D
186 364 206 383 ν
218 364 233 383 ι,
244 356 265 384 A
274 362 295 383 Τ
307 361 327 381 V
337 362 350 382 S
361 376 369 388 ‚
392 355 431 382 ῦς.
468 365 506 382 m.
541 356 553 388 [
568 358 711 382 καταύλησις
724 355 734 386 ]
773 354 876 378 (laneus.
913 352 1001 378 Senec.
1021 352 1100 379 Herc.

42 393 141 421 furent.
158 395 235 425 v.263
252 391 390 426 Cuiusque
404 400 495 419 muros
508 398 583 417 natus
597 387 732 424 Amphion
748 388 813 415 Ioue
827 387 921 414 struxit
933 396 1031 414 canoro
1045 388 1102 414 saxa

43 429 178 457 modulatu
192 429 306 456 trahens.

81 472 107 493 Μ
117 471 138 492 0
150 471 168 492 D
179 470 198 490 V
213 470 229 490 L
241 470 262 490 Α
275 470 297 491 Τ
309 469 346 490 10
355 486 364 499 ,
382 463 452 491 onis.
472 463 492 490 f.
529 462 641 495 [finolam
659 460 794 493 ῥυθμοποιία
806 460 819 494 ]
857 461 930 485 Idem.
968 458 1101 492 Quinctil.

42 510 68 535 9,
86 511 100 534 4
127 501 161 526 Vt
177 500 223 526 fint
237 506 323 527 tamen
339 499 418 535 pedes
431 498 478 526 alii
492 497 550 525 aliis
565 496 725 528 crebriores,
745 504 800 522 non
817 495 896 522 verba
911 496 1018 528 sacient,
1032 501 1100 533 quae

41 545 128 571 neque
147 536 255 570 augeri,
280 545 327 562 nec
343 536 443 568 minui,
463 542 509 560 nec
531 532 593 559 ficut
613 531 796 558 modulatione
815 531 924 566 produci
940 539 984 558 aut
998 535 1099 562 corr1p1

41 573 149 607 possint;
184 571 226 598 sed
241 571 425 598 transmutatio
438 576 463 597 et
475 568 592 596 collatio.
666 567 816 594 Modulatio
831 567 950 602 signiferi
972 566 1067 597 Plina,
1076 570 1098 593 8.

42 607 122 635 Vocis
134 607 347 634 modulationem
360 606 456 633 fidibus
467 614 496 631 ac
509 604 583 631 tibiis
596 602 724 630 adiuuare
753 603 863 637 Qun&
875 614 904 636 11,
924 613 942 635 3.
1008 635 1013 640 .

77 649 102 670 M
114 648 134 670 0
146 649 164 670 D
175 649 196 670 V
207 650 224 670 L
235 645 257 671 Ᾱ
268 650 293 670 Μ
306 649 322 670 Ε
331 649 370 676 Ν,
389 642 450 668 inis.
476 650 503 667 n.
539 641 614 667 Idem.
651 641 814 674 [ἰπαὺλημα]
852 638 954 665 Auc‘ior
968 635 1101 662 Plulotne-

40 678 80 706 lae
114 688 141 707 v.
157 688 170 709 5
187 680 258 707 Nam
271 677 392 714 quamuis
405 677 472 704 aliae
487 675 611 703 volucres
625 675 806 702 modulamina
819 680 928 702 tentent.
964 672 1038 706 Confi
1045 672 1101 698 Ma-

39 714 115 742 orob.
125 716 219 743 Somn.
232 716 269 742 Sc.
280 723 309 747 2,
322 722 354 740 12.
391 712 483 740 Sidon.
495 710 573 747 Epist.
583 720 605 746 2,
618 720 638 738 ε.
661 718 685 738 tt
700 713 788 738 Carm.
799 720 816 744 1,
826 719 850 743 9.

75 757 100 778 M
111 757 132 778 o
147 757 167 778 n
179 757 199 777 v
209 757 226 776 ι.
236 757 256 776 Α
267 756 293 776 M
307 755 325 775 Β
337 755 359 774 N
370 754 392 775 ‘r
404 755 425 774 v
435 755 476 781 M,
497 747 516 775 i.
538 758 564 774 n.
604 749 678 774 mem.
716 747 813 778 Gella,
827 754 850 776 7.
946 777 953 783 ¹

77 793 102 814 Μ
113 794 132 813 ο
144 793 164 812 D
176 792 196 812 v
208 793 224 812 1.
236 787 260 812 Ᾱ
271 791 293 812 'r
306 790 326 811 o
335 790 353 810 R
362 804 371 817 ,
391 784 456 811 oris.
492 793 527 811 m.
565 783 752 818 [ᾆυξὶμοπαιὸς]
789 778 920 821 Col11n1cl.
945 786 974 804 in
989 778 1075 805 Praef.
1091 787 1100 804 1

38 822 148 849 Placitae
169 820 321 855 discipliuae
346 821 531 847 conse6ie1m1r
555 819 711 854 magistrum
736 824 825 848 vocis,
851 821 877 855 et
897 821 987 857 captus
1009 813 1102 840 modu-

36 858 158 888 latorem.
229 857 331 883 cantor
354 862 433 891 atque
446 857 564 891 optimus
578 854 730 882 modulator
766 851 895 878 Horatius
921 855 1004 877 Serui.
1025 860 1049 883 ι,
1069 859 1098 883 3,

36 901 45 919 ι
61 901 87 919 0.

47 901 59 924 3
71 934 98 955 Μ
109 933 129 954 0
139 932 158 953 D
167 933 188 953 v
199 932 215 953 L
225 927 249 954 A*
256 933 278 954 'r
287 933 306 954 R
316 935 326 955 1
336 936 367 961 x,
384 927 442 955 i‘cis.
459 926 480 954 f.
523 928 610 961 Aquas
625 922 813 951 modulatrices
841 923 913 949 dixit
929 922 1049 950 Tertull.
1067 922 1102 950 de

33 961 68 990 Ba
88 962 165 989 tismo
186 972 207 990 c.
220 972 240 989 ⁴.

70 971 124 1025 iiio
134 1004 183 1025 DV
193 1005 210 1026 L
219 981 243 1026 ,ἶί
255 1005 277 1025 Τ
290 1005 319 1026 E.
359 997 425 1025 Adu.
461 995 603 1030 [ῥυθμικῦε]
643 994 777 1025 Concinne,
789 1001 814 1020 et
827 1003 879 1019 cum
892 993 1015 1028 mensura.
1043 994 1100 1021 Cic,

31 1033 65 1061 de
73 1034 135 1061 Nat.
144 1034 224 1062 Deor.
234 1044 256 1068 2,
279 1043 306 1061 22
326 1041 369 1065 ιε
405 1033 432 1060 Si
448 1041 479 1058 ex
493 1031 567 1058 oliua
581 1030 720 1058 modulate
734 1036 855 1057 canentes
869 1029 951 1056 tibiae
964 1030 1100 1056 nasceren-

32 1076 90 1104 tur,
112 1079 176 1096 num
198 1070 349 1103 dubitares,
363 1069 429 1103 quin
446 1067 538 1094 incss'et
552 1067 582 1094 in
597 1067 672 1094 oliua
685 1066 805 1093 tibicinis
822 1066 951 1099 quaedam
972 1066 1080 1092 scientia
1093 1067 1100 1092 Ξ

30 1105 177 1133 Enuntiare
191 1106 293 1141 aliquid
329 1104 428 1131 Auson.
441 1103 519 1139 Epist.
533 1112 567 1137 19.
641 1106 756 1138 Compar.
779 1101 849 1129 Gell.
863 1111 892 1134 11,
903 1111 924 1134 ¹3
962 1101 1100 1128 Collocata

30 1141 114 1169 verba
128 1143 272 1169 accuratius
285 1139 510 1174 modulatiusque.
546 1140 622 1165 Adde
637 1138 771 1166 Ammiau.
786 1140 811 1171 6,
833 1147 854 1170 7.

68 1184 96 1205 M
107 1184 126 1204 o
137 1184 155 1204 D
167 1184 187 1204 v
198 1184 244 1204 LA
256 1182 272 1203 Β
285 1174 298 1203 i‘
309 1182 326 1203 L
338 1183 348 1203 1
357 1182 386 1209 S,
406 1184 431 1203 e.
464 1174 527 1202 Adi.
565 1173 688 1207 Hyblaea
707 1173 872 1201 modulabile
897 1181 1003 1200 carmen
1017 1182 1102 1200 auena

31 1213 157 1248 Calpurn.
166 1212 216 1241 Eel.
225 1222 248 1245 4,
256 1215 294 1245 63.

67 1255 122 1276 ΜΟ
135 1255 154 1276 D
169 1255 205 1276 11⁴·
216 1247 229 1275 f
239 1255 257 1276 c
268 1249 290 1275 ν
300 1255 324 1279 S,
344 1256 368 1281 a,
384 1256 439 1275 um.
462 1246 523 1274 Adi.
557 1248 661 1273 Modum
668 1246 786 1282 seruans.
824 1245 1060 1272 Auson.Parental.
1070 1254 1098 1278 27

30 1284 83 1312 Cui
97 1284 189 1312 breuia
210 1284 279 1311 mela
297 1284 423 1311 modifica
442 1283 546 1310 recino.

1129 431 1144 453 5

1119 607 1148 626 10

1123 785 1147 811 ¹3

1116 964 1149 983 20

1118 1143 1146 1166 25

67 1327 93 1348 M
106 1327 125 1348 ο
137 1327 156 1347 n
170 1328 178 1347 1
191 1320 235 1348 ri
246 1326 335 1353 con,
356 1320 405 1346 ari.
435 1319 601 1353 [δικμετρέω]
623 1317 722 1344 Metiri.
759 1316 875 1347 Gell.1,1
898 1316 1097 1350 Comprehensa
1113 1322 1144 1345 30

29 1362 117 1383 autem
131 1357 252 1383 mensura
265 1356 410 1384 Herculani
423 1354 496 1390 pedis
506 1375 515 1388 ,
536 1353 680 1380 secundum
694 1353 842 1380 naturalem
862 1352 1047 1379 membrorum
1068 1362 1097 1380 o-

29 1393 134 1419 mnium
146 1392 217 1419 iuter
229 1393 255 1419 se
269 1392 475 1426 competentiam
489 1390 654 1417 modificatus
667 1388 711 1415 est.
763 1389 821 1415 Cic.
828 1388 860 1415 de
870 1389 943 1415 Orat.
954 1398 973 1424 ς,
984 1395 1022 1422 184
1036 1399 1057 1415 c.
1066 1395 1097 1421 48

29 1427 120 1455 Verba
139 1428 186 1455 illa
208 1427 359 1455 modificata
374 1428 422 1464 else
435 1426 579 1454 debebunt.
654 1424 782 1452 Orationi
804 1424 982 1452 modificabor
1018 1425 1096 1460 Apul.

28 1463 102 1491 flor.
113 1470 180 1492 extr.
199 1465 218 1491 i.
238 1467 333 1491 modum
344 1471 441 1499 ponam.

68 1506 95 1527 M
107 1506 127 1527 Ο
138 1507 157 1527 D
169 1507 179 1527 1
196 1506 212 1527 F
225 1508 233 1527 1
244 1506 262 1527 c
276 1506 297 1527 A
309 1506 387 1533 Tvs,
408 1508 433 1532 a,
451 1507 506 1524 um.
527 1497 595 1524 Part.
617 1496 673 1524 Cic.
681 1496 710 1523 in
718 1496 807 1524 Partit.
817 1504 844 1532 17
853 1504 896 1529 ας
911 1494 1093 1523 Traftatione

29 1541 133 1570 autem,
153 1544 236 1570 quum
256 1542 300 1563 aut
314 1535 424 1571 propria
439 1535 579 1561 sumuntur
594 1531 742 1565 vocabula,
761 1539 805 1559 aut
825 1532 913 1559 addita
930 1531 962 1558 ad
977 1541 1093 1563 nomen,

28 1578 73 1598 aut
86 1580 167 1605 noua,
185 1578 230 1598 aut
246 1572 339 1607 prisca,
358 1578 403 1598 aut
417 1570 450 1597 ab
464 1576 573 1596 oratore
588 1568 750 1602 modificata,
771 1575 797 1595 et
809 1568 906 1595 inflexa
915 1567 1031 1602 quodam
1041 1577 1096 1594 mo.

29 1606 73 1634 dn.
145 1607 302 1635 Modificato
310 1607 474 1634 Celeusmate
489 1605 578 1632 laudes
591 1613 685 1631 canere
712 1604 802 1632 Sidon.
810 1604 890 1639 Epist.
900 1611 965 1637 8,12.
1035 1604 1097 1630 Mo-

31 1641 151 1669 dificatae
166 1643 339 1670 lusciniarum
359 1642 492 1676 Querelae
514 1641 552 1667 Id.
562 1650 595 1674 9,
613 1649 635 1667 2.

1116 1500 1142 1524 35

66 1685 150 1706 Μοι)
163 1687 171 1706 ι
184 1685 201 1706 ιτ
216 1686 225 1705 ι
241 1685 369 1706 εΑΤιο
382 1697 392 1710 ,
412 1679 481 1705 onis.
501 1677 520 1704 f.
559 1677 646 1702 Senec.
661 1674 741 1709 Epist.
750 1681 781 1708 89
800 1678 853 1708 (88)
871 1674 975 1715 prsi'pr.
1014 1673 1095 1706 Syna.
1111 1680 1144 1704 40

29 1712 124 1740 barum
140 1716 289 1748 enarratio,
311 1714 456 1742 verborum
470 1711 624 1746 diligentia,
645 1709 799 1736 fabularum
812 1718 955 1743 1nemor1a,
969 1710 1094 1736 versuum

27 1748 69 1775 lex
84 1758 113 1775 ac
127 1750 302 1776 modificatio.
338 1749 415 1786 Confi*
427 1747 496 1774 Geil.
511 1756 550 1778 10,
566 1755 587 1777 3.
738 1780 744 1786 .
989 1781 994 1786 .

64 1790 92 1810 Μ
105 1791 124 1810 0
136 1791 156 1811 D
167 1792 176 1810 1
189 1791 206 1811 r
218 1792 227 1811 1
237 1791 254 1811 c
263 1787 287 1811 Α·
298 1790 321 1810 Τ
333 1790 353 1810 0
363 1789 398 1817 R,
421 1783 487 1809 oris.
507 1791 543 1808 m.
583 1780 776 1821 ApuLFlorid.
788 1789 864 1816 p-342-
885 1782 915 1806 de
925 1782 1097 1816 Anngenida,

24 1818 125 1882 &mnis
144 1819 258 1846 voculae
276 1819 385 1846 melleus
406 1817 561 1845 modulator
575 1824 601 1845 et
614 1816 687 1844 idem
702 1825 791 1843 omnis
804 1816 879 1843 modi
895 1817 995 1852 peritus
1010 1817 1097 1844 modi.

19 1908 23 1909 γ
45 1861 145 1917 citing-D
154 1897 164 1916 1
175 1896 192 1917 Ρ
202 1897 219 1917 Ε
230 1896 250 1917 R
265 1897 287 1918 Α
297 1897 320 1917 Τ
330 1896 350 1917 O
361 1896 380 1917 R
389 1911 398 1923 ‚
422 1889 479 1917 oris
506 1899 544 1917 m.
581 1888 798 1924 [συμπασιαρχὸς]
836 1887 960 1924 Magister
974 1890 1093 1917 conuiuii.

25 1925 100 1954 Non.
113 1935 135 1959 2,
149 1928 194 1957 565
228 1926 453 1961 Modiperatores,
471 1925 543 1961 quasi
556 1925 668 1953 modum
685 1924 855 1959 imperantes.
893 1926 981 1951 Varro
991 1926 1091 1953 Rerum

23 1961 161 1989 humanat.
182 1961 229 1991 lib.
243 1972 276 1989 20
309 1964 339 1990 [ιι
364 1962 500 1989 conuiuiis
517 1961 563 1996 qui
577 1961 636 1988 sunt
649 1961 763 1987 instituti
782 1960 892 1996 potandi
908 1960 1091 1996 Modiperato.

24 2005 66 2025 res
81 1997 209 2032 magistri.
247 2000 287 2025 De
306 2008 333 2025 re
349 1997 403 2035 ipsa
417 1997 586 2039 Lrpfi·Antsq‘.
601 1997 667 2025 Lea.
683 2006 693 2028 3
718 2006 742 2031 p.
752 2006 805 2029 104.

1114 1859 1143 1883 45

61 2040 87 2061 M
100 2039 120 2061 0
132 2040 151 2060 D
161 2032 174 2060 f
186 2040 204 2062 C
216 2040 238 2061 V
249 2040 276 2067 S,
296 2042 327 2068 a,
347 2043 402 2061 um.
441 2033 500 2060 Adi.
537 2034 648 2067 [ὁλί-γος,
666 2035 768 2065 τυτθὸς]
806 2033 954 2057 Moderatus
966 2039 991 2057 et
1003 2033 1092 2058 medio.
1109 2036 1141 2057 50

23 2069 87 2103 cw's,
106 2071 233 2095 interdum
250 2077 343 2104 paruus
355 2078 378 2095 et
388 2069 500 2104 pusillus.
537 2068 664 2098 Plin.10‚
683 2075 710 2096 55
747 2066 796 2093 Sed
810 2067 967 2094 inuentum.
993 2072 1020 2091 vt
1039 2074 1091 2091 oua

22 2106 52 2132 in
77 2104 165 2130 calido
185 2104 249 2130 foco
269 2105 391 2139 imposita
411 2103 492 2137 paleis
511 2102 572 2136 igne
596 2101 707 2127 modico
733 2100 900 2126 fenerentur.
975 2101 1092 2126 Accruus

22 2139 144 2168 modicus
182 2140 250 2166 Hor.
262 2139 339 2173 Epist.
354 2148 376 2172 2,
395 2147 419 2171 2,
441 2146 508 2171 ¹90·'
550 2137 663 2163 Animus
675 2134 806 2167 modicus,
825 2135 982 2164 continens,
996 2144 1090 2168 expers

22 2175 178 2203 ambitionis
197 2175 280 2201 Plauti
294 2175 340 2209 effi·
351 2175 454 2201 dicitur.
527 2174 600 2199 Anus
637 2171 718 2198 Plaut.
733 2171 842 2198 Curcul.
852 2180 870 2200 1,
885 2180 902 2202 1,
918 2179 949 2201 ¹4-
1023 2172 1091 2197 Can-

24 2211 108 2238 tharis
128 2210 242 2237 modicis
255 2216 347 2245 potare
385 2210 454 2236 Hor.
470 2208 597 2241 Carm.1,
619 2216 662 2236 20,
682 2215 703 2231 2.
776 2205 863 2231 Classis
958 2242 962 2245 Ι

22 2246 125 2275 Maced.
199 2246 282 2273 Collis
320 2245 385 2272 Plin.
395 2244 474 2278 Epist.
488 2249 512 2275 8,
525 2248 548 2270 8.
621 2241 755 2268 Columel.
768 2243 794 2271 6,
808 2250 820 2267 2
857 2241 977 2267 Humilis
991 2248 1017 2268 et
1031 2251 1087 2269 mo-

23 2283 82 2310 dica
107 2283 288 2317 Corporatura
302 2281 406 2316 pecoris
419 2278 540 2313 operarii
555 2277 633 2304 debet
653 2277 711 2304 esse.
785 2276 874 2303 Funus
893 2277 950 2302 eius
995 2278 1087 2304 Tacit.

902 2205 962 2231 Liu.
977 2205 1009 2231 de
1024 2206 1089 2234 Bell.
1108 2213 1136 2236 55

1156 2066 1278 2099 versans,
1298 2071 1398 2089 terram
1412 2070 1504 2096 tuens,
1523 2063 1609 2090 Maria
1626 2062 1767 2090 moderans
1795 2065 1851 2092 Cic.
1865 2065 1900 2092 N.
1914 2066 1947 2093 D.
1961 2075 1974 2099 3
1992 2076 2061 2102 c.39.

1571 189 1804 231 MOD

1203 285 1305 307 moni
1316 286 1333 308 c
1343 287 1372 308 o.
1410 279 1477 308 ndu.
1513 279 1625 308 Modico
1638 280 1713 317 prius
1732 281 1811 317 Apul.
1828 282 1905 318 Apol.
1919 291 2010 320 p-284.
2049 290 2108 316 VM.
2120 291 2228 317 Elmenh.

1166 316 1193 342 in
1207 317 1263 342 Iud.
1280 317 1357 351 Apul.

1203 357 1328 379 MODIC
1341 360 1349 378 1
1361 358 1414 378 TA
1425 360 1455 386 s,
1474 353 1532 380 atis.
1559 352 1580 385 f.
1617 353 1751 382 Fortunat.
1765 353 1792 380 in
1807 353 1884 389 Epist.

1204 393 1229 412 M
1238 392 1257 412 0
1266 392 1284 412 D
1294 386 1309 412 Fi
1319 394 1337 413 R
1346 394 1365 413 Ο
1374 408 1382 420 ,
1409 393 1462 414 irre.
1500 389 1513 423 [
1524 393 1622 422 μετρέω,
1635 391 1712 416 διοικῶ
1727 389 1805 416 61οῐἷῖ
1815 390 1870 416 Lat.
1886 390 1933 417 Gr.
1945 390 1958 425 ]
2014 394 2114 420 Modum
2130 403 2226 429 ponere.

1166 420 1265 461 Sallust.
1280 422 1337 448 Cat.
1357 432 1379 448 c.
1395 432 1417 453 5¹
1456 424 1508 451 Vbi
1529 424 1580 451 hoc
1601 434 1675 452 exem
1696 425 1722 452 lo
1736 434 1782 460 per
1794 427 1900 452 Senatus
1915 425 2048 454 decretum
2065 430 2160 457 Consul
2177 432 2227 466 gla-

1167 456 1415 498 duim—adduxerit,
1440 461 1498 493 quis
1520 461 1560 486 illi
1579 460 1658 487 finem
1673 435 1783 495 damet,
1805 468 1849 488 aut
1868 462 1927 496 quis
1946 462 2112 490 moderabit?
2149 469 2176 491 Ιη
2197 470 2228 494 cl.

1171 492 1254 532 usall?
1274 495 1334 519 edu.
1355 494 1449 528 legitur
1467 495 1661 523 Moderabitur.
1735 498 1785 523 Sed
1805 497 1908 524 Plautus
1934 499 2015 524 arvina
2037 500 2124 532 firma
2145 503 2227 528 sititur

1167 528 1226 554 ΜιΙ.
1240 536 1267 568 2,
1288 537 1299 554 2
1313 536 1378 554 rxtr.
1398 529 1452 562 Ego
1467 531 1525 556 voci
1540 532 1686 560 moderabo
1701 541 1782 560 meae.
1818 533 1892 568 (ons.
1907 533 1979 561 Non.
1991 541 2020 568 7,
2034 537 2072 566 36.
2126 536 2227 569 Paffiuc.

1166 563 1235 590 Paul.
1249 573 1276 589 1n
1290 564 1306 590 l.
1326 564 1454 604 I'0111p011.
1469 564 1515 592 lib.
1530 566 1557 592 iu
1572 566 1616 593 fin.
1638 568 1669 594 D.
1684 568 1715 595 de
1730 577 1787 603 neg.
1802 569 1865 604 gest.
1903 570 1954 596 Pro
1967 570 2093 605 qualitate
2109 573 2228 605 persona.

1166 608 1225 626 rum
1241 605 1266 626 et
1280 599 1352 626 a6i1o
1365 601 1512 633 formatur,
1533 608 1558 627 et
1570 603 1757 631 condemnatio
1770 604 1933 632 moderatur.
2006 606 2111 641 leiau.
2128 607 2154 633 in
2176 608 2190 633 l.
2210 609 2228 635 ss

1166 636 1248 662 serua.
1270 635 1302 661 D.
1318 635 1350 661 de
1363 636 1421 661 iure
1435 635 1489 662 dot.
1522 636 1559 662 Ita
1573 645 1614 662 res
1629 639 1798 673 moderetur,
1819 647 1863 672 vt,
1882 647 1927 668 etc.
1950 670 1952 672 ,

1203 677 1256 697 Mo
1267 676 1285 696 D
1295 678 1310 697 r,
1320 678 1337 696 R
1350 678 1369 696 Λ
1383 678 1401 697 Ν
1414 677 1460 697 nv
1471 677 1483 697 s
1493 692 1501 704 ‚
1521 680 1551 704 a,
1572 681 1627 699 um.
1666 672 1769 706 Puffiae.
1809 677 1912 710 leian.
1925 677 1952 704 in
1965 677 1983 704 l.
1995 676 2135 712 sacrilegii.
2156 677 2229 704 D.ad

1166 707 1216 741 leg.
1230 706 1278 734 Iul.
1294 706 1377 741 pecul.
1403 706 1451 733 Sed
1467 706 1626 733 moderanda
1642 717 1725 743 poena
1743 709 1788 736 cst.
1845 713 1914 740 Paul.
1929 713 1956 740 in
1969 714 1986 740 1.
2000 713 2131 749 quamuis.
2152 714 2185 740 D.
2198 713 2230 740 de

1166 742 1195 805 ibn
1210 743 1251 768 ius
1269 751 1328 769 voc.
1359 741 1447 769 Labeo
1465 743 1517 777 ait,
1546 743 1735 771 moderandam
1754 745 1985 783 iurisdiCtionem,
2009 748 2028 776 si
2046 749 2180 785 poeniteat
2201 749 2231 776 li-

1188 784 1283 805 ertum.
1387 803 1389 805 .

1204 821 1230 840 Μ
1240 820 1286 840 OD
1296 811 1312 841 i}
1320 821 1338 841 R
1349 820 1368 840 0
1376 820 1396 840 R
1406 834 1414 847 ,
1434 814 1481 841 Eri.
1526 815 1629 849 Depon.
1685 814 1799 850 [3096th
1819 817 1954 850 πρυΊανεῦιυ,
1974 820 2098 855 funestun]

1166 849 1306 877 Moderari
1319 859 1350 877 ex
1362 851 1405 877 sua
1419 850 1531 878 libidine
1567 851 1638 877 Ter.
1651 850 1748 877 Heaut.
1769 860 1798 885 2,
1818 860 1842 884 1,
1858 861 1885 884 4.
1942 856 2077 890 promiscue
2094 857 2187 883 Daeiuo
2206 864 2231 884 et

1167 885 1315 921 Accusatiun
1327 886 1451 921 iungitur.
1523 886 1580 914 Cic.
1594 895 1644 922 pro
1659 887 1728 913 Cael.
1743 894 1760 921 7
1793 888 1873 921 Qiod
1889 895 1915 915 et
1938 889 2023 924 pudor
2036 897 2095 918 tuus
2109 892 2231 920 modera-

1167 929 1212 949 tur
1224 922 1344 949 orationi
1359 931 1439 949 meae.
1513 923 1586 949 Idem
1601 924 1627 948 in
1641 923 1731 949 Partit.
1745 930 1770 955 ις
1796 923 1866 950 Nam
1879 925 2032 952 auditorum
2046 935 2119 954 aures
2140 928 2231 956 mode.

1167 965 1260 985 rantur
1272 958 1376 985 oratori
1391 958 1516 993 prudenti
1530 965 1555 985 et
1574 958 1707 993 prouido,
1731 966 1756 986 et
1778 959 1850 994 quod
1871 960 2010 994 respuunt,
2036 961 2232 992 immutandum

1165 994 1210 1020 cst.
1270 994 1361 1020 Tacit.
1376 995 1442 1021 Ann.
1459 1003 1476 1026 1,
1490 1003 1512 1026 3¹
1538 993 1586 1021 Sed
1599 994 1696 1029 quibus
1709 994 1787 1021 Silius
1801 995 1997 1022 moderabatur.
2069 999 2121 1025 Cui
2141 1000 2231 1027 mode.

1165 1029 1247 1055 rabor
1262 1029 1416 1064 diligentius
1443 1029 1501 1056 Cic.
1516 1030 1569 1057 Att.
1584 1039 1612 1062 5,
1626 1038 1659 1056 20
1691 1032 1721 1056 de
1730 1031 1788 1065 filio
1799 1031 1894 1067 Qt'nti
1908 1033 1960 1058 Ci..
1974 1032 2111 1067 u'tjffalutiur
2123 1037 2231 1064 vluvnte.

1164 1065 1219 1098 Qii
1234 1073 1288 1092 non
1303 1065 1489 1093 moderabitur
1503 1067 1577 1099 Irae,
1596 1064 1727 1092 infectum
1739 1066 1810 1092 volet
1822 1066 1887 1100 eise,
1907 1066 1986 1094 dolor
1999 1068 2070 1102 quod
2085 1070 2191 1098 suaserit
2205 1078 2231 1099 et

1165 1109 1238 1127 mens
1272 1101 1339 1127 Hor.
1354 1101 1434 1135 Epist.
1448 1110 1474 1134 1,
1490 1109 1522 1134 2,
1537 1111 1575 1133 59.
1650 1101 1710 1128 Liu.
1724 1113 1754 1135 4,
1774 1111 1787 1135 7
1819 1103 1854 1128 Vt
1874 1102 2040 1137 postmodum
2059 1106 2188 1138 gaudeant
2206 1108 2231 1134 se

1164 1138 1221 1163 Irae
1236 1136 1398 1164 moderatos.
1472 1138 1529 1164 Cic.
1551 1137 1582 1164 de
1603 1137 1661 1164 Fiu.
1676 1146 1707 1170 2,
1728 1143 1754 1168 ει
1786 1138 1818 1164 Et
1831 1139 1908 1165 multi
1922 1139 2044 1174 Epicurei
2058 1141 2182 1176 fuerunt,
2205 1149 2231 1170 et

1162 1172 1243 1198 hodie
1258 1173 1331 1205 sunt,
1347 1179 1373 1199 et
1387 1173 1415 1199 in
1431 1173 1558 1200 amicitiis
1571 1173 1676 1205 fideles,
1697 1173 1761 1199 etin
1773 1174 1848 1200 omni
1864 1174 1917 1201 vita
1932 1175 2077 1203 constantes
2090 1184 2116 1203 et
2128 1187 2232 1213 graues,

1162 1217 1209 1234 nec
1225 1209 1378 1243 voluptate,
1398 1209 1439 1235 sed
1454 1207 1546 1235 officio
1559 1208 1666 1234 consilia
1680 1208 1856 1236 moderantes.
1929 1211 2101 1246 Medi-ratur,
2123 1220 2232 1247 mouet,

1162 1244 1231 1279 regit
1245 1244 1335 1271 onmia
1352 1254 1425 1271 mens
1439 1244 1532 1270 mundi
1560 1244 1599 1272 Id.
1613 1243 1691 1271 Acad.
1704 1253 1737 1277 4,
1759 1253 1805 1278 119.
1879 1245 2033 1274 Gubernare
2054 1255 2079 1275 et
2097 1248 2231 1276 moderari

1163 1280 1304 1314 prudentia
1317 1281 1408 1307 onmia
1435 1281 1472 1308 Id.
1488 1280 1558 1306 Fam.
1572 1288 1596 1312 2,
1610 1281 1636 1306 6.
1658 1276 1665 1291 '
1710 1280 1808 1307 Animo
1819 1287 1845 1307 et
1859 1283 1977 1309 orationi
2000 1283 2137 1312 moderari
2149 1294 2231 1318 quum

1162 1316 1193 1343 sis
1206 1316 1305 1349 iratus,
1323 1325 1378 1343 non
1391 1315 1534 1343 mediocris
1549 1315 1651 1351 ingenii
1662 1315 1698 1342 est
1725 1316 1763 1344 Id.
1777 1317 1815 1350 Q
1830 1317 1898 1343 Frat.
1912 1327 1931 1351 1,
1946 1328 1970 1351 1⁷
1985 1327 2017 1351 13.
2091 1321 2120 1347 In
2141 1321 2232 1347 aduer.

1160 1351 1191 1378 fis
1204 1352 1309 1378 vultum
1324 1352 1450 1379 secundae
1464 1353 1563 1378 fortun*
1574 1361 1588 1378 e
1601 1360 1703 1387 gerere,
1722 1353 1858 1379 moderari
1872 1354 1983 1380 Animos
1997 1355 2024 1381 in
2038 1355 2155 1382 secundis
2172 1357 2231 1383 Liu.

1162 1396 1204 1420 42,
1218 1391 1260 1414 62.
1319 1389 1361 1414 Sic
1374 1388 1512 1415 Moderati
1525 1388 1624 1415 Cantus
1645 1396 1826 1422 numerosque
1839 1389 1954 1416 arbitrio
1970 1390 2150 1418 multitudiuis
2176 1393 2232 1419 Cic.

1160 1424 1245 1450 Tusc.
1258 1433 1280 1455 ς,
1295 1433 1343 1457 104
1361 1433 1383 1450 c.
1398 1427 1435 1455 36.
1510 1424 1601 1451 Tacit.
1617 1425 1684 1450 Ann.
1699 1432 1724 1456 2,
1738 1433 1770 1457 70
1796 1425 1886 1452 Naues
1901 1426 1995 1455 soluit3
2032 1426 2231 1455 moderabatur-

1160 1468 1212 1493 que
1225 1460 1321 1486 cursui.
1394 1459 1485 1486 Fidem
1500 1459 1635 1486 moderari
1647 1460 1764 1486 auditam
1780 1460 1923 1487 arboribus
1957 1463 2024 1489 Hor.
2039 1463 2128 1490 carm.
2143 1473 2168 1495 1,
2190 1473 2230 1500 24,

1160 1503 1199 1528 14.
1256 1495 1389 1521 Fortunae
1402 1496 1462 1522 suae
1487 1496 1545 1524 Liu.
1559 1504 1596 1529 3⁷,
1610 1504 1645 1528 33.
1721 1496 1806 1522 Maria
1821 1496 1993 1530 moderatur,
2014 1505 2110 1525 terram
2131 1507 2231 1534 tuetur,

1161 1531 1246 1557 versat
1266 1531 1367 1557 caelum
1388 1531 1458 1558 Deus
1490 1532 1546 1558 Cir.
1565 1532 1597 1558 de
1615 1531 1678 1558 Nat.
1698 1531 1780 1558 Deor.
1796 1541 1823 1564 ς,
1843 1541 1888 1565 94.
1966 1534 2048 1560 Ortus
2070 1536 2231 1563 nascentiiuu

1160 1565 1221 1592 luna
1235 1566 1391 1593 moderatur
1413 1568 1486 1594 Idem
1501 1568 1533 1594 de
1549 1567 1639 1593 Diuiu.
1654 1577 1676 1600 2,
1690 1575 1726 1601 91.
1782 1568 1952 1602 Religionem
1982 1569 2020 1596 ld.
2033 1569 2065 1596 de
2077 1570 2230 1599 Nanneor.

1160 1609 1181 1633 1,
1196 1611 1213 1627 1.
1289 1602 1425 1638 Religioni
1439 1604 1498 1629 suae
1512 1604 1539 1629 in
1552 1602 1707 1630 testimonio
1720 1602 1834 1630 dicendo
1862 1605 1917 1630 Cic.
1934 1614 1983 1639 pro
1996 1606 2088 1632 Flac.o
2101 1616 2120 1632 c.
2137 1616 2162 1640 35
2191 1617 2231 1642 pr.

1160 1637 1179 1663 i.
1193 1638 1361 1673 simpliciter,
1382 1640 1498 1665 adhibere
1510 1639 1664 1673 rels'girmem.
1737 1639 1788 1665 Res
1800 1639 1908 1665 rusticas
1928 1640 2001 1667 venti
2019 1647 2046 1668 et
2065 1644 2230 1677 tempestates

1160 1673 1334 1700 moderantur
1358 1674 1397 1700 Id.
1413 1675 1491 1700 Verr.
1505 1684 1531 1706 3,
1549 1681 1596 1708 227
1616 1683 1638 1700 c.
1652 1679 1693 1707 98.
1774 1675 1805 1700 Se
1822 1675 1958 1701 moderari
1973 1676 2136 1703 immodestis
2151 1679 2232 1705 mori.

1160 1708 1209 1735 bus
1238 1710 1318 1736 Plaut-
1333 1710 1411 1736 Cure.
1428 1719 1445 1742 1,
1460 1719 1481 1742 ς,
1494 1718 1541 1743 44.
1615 1710 1776 1736 Sententiam
1788 1710 1905 1744 aliquam
1927 1717 2050 1745 tanquam
2064 1713 2172 1747 aliquod
2188 1722 2231 1740 na-

1161 1745 1283 1779 vigium,
1308 1752 1388 1780 atque
1401 1746 1522 1778 cursum,
1548 1753 1579 1771 ex
1594 1745 1767 1778 Reipublicae
1779 1745 1930 1779 tempestate
1944 1746 2095 1781 moderari,
2121 1758 2176 1775 non
2195 1750 2232 1776 est

1159 1780 1332 1807 inconstantis
1358 1781 1414 1808 Cic.
1427 1790 1476 1816 pro
1490 1782 1573 1808 Corn.
1592 1781 1665 1807 Balb.
1679 1785 1716 1808 61.
1787 1781 1911 1815 Tempus
1931 1781 2039 1808 dicendi
2056 1785 2187 1818 grauitare
2206 1791 2233 1812 ct

1161 1817 1303 1851 prudentia
1317 1816 1452 1843 moderari
1485 1816 1521 1844 Id.
1535 1815 1567 1842 de
1580 1816 1655 1843 Orat.
1676 1824 1709 1850 2,
1727 1823 1787 1851 247.
1859 1816 1949 1843 Verba
1967 1819 2139 1853 moderatur,
2163 1828 2188 1848 et
2209 1822 2234 1848 se

1160 1853 1213 1886 ipse
1227 1853 1350 1879 sustentat
1365 1853 1434 1879 testis
1459 1852 1497 1880 Id.
1513 1862 1562 1887 pro
1570 1853 1652 1880 Flacc.
1665 1861 1700 1879 12.
1774 1852 1894 1887 Linguae
1906 1853 2099 1882 moderandum
2114 1857 2182 1883 mihi
2197 1857 2233 1884 est

1159 1889 1241 1916 Plaut.
1256 1890 1335 1916 Cure.
1348 1900 1372 1921 4,
1385 1897 1411 1921 1,
1429 1897 1466 1921 25.
1506 1890 1523 1915 i.
1548 1890 1687 1914 Tacendum
1701 1887 1733 1923 est
1745 1889 1814 1916 mihi.
1888 1889 1949 1916 Cic.
1961 1890 2039 1917 Verr.
2051 1900 2079 1924 3.
2097 1901 2140 1918 102
2172 1893 2233 1919 Sen-

1159 1924 1198 1950 tio
1214 1925 1315 1951 ludices
1331 1924 1524 1951 moderandum
1545 1924 1613 1951 mihi
1635 1925 1684 1950 esse
1704 1925 1755 1951 iam
1770 1925 1889 1952 orationi
1905 1934 1994 1959 meae,
2025 1926 2234 1964 fugiendamque

1160 1960 1272 1987 vestram
1289 1961 1450 1988 societatem.
1521 1960 1602 1995 „Aeno
1617 1961 1691 1986 vocis
1711 1960 1930 1988 conforrnatione
1950 1961 2111 1989 moderanda
2130 1964 2165 1990 est
2191 1964 2232 1992 m.

1159 1996 1192 2022 de
1206 1998 1280 2023 Orat.
1295 2005 1322 2036 ι,
1341 2002 1374 2026 18.
1504 2030 1510 2034 .

1196 2036 1432 2061 MODERANS,
1457 2036 1534 2055 antis.

2167 214 2230 251 310

2154 823 2230 850 Idem.

1579 2028 1672 2055 Partic.
1916 2031 1992 2057 Mens
2013 2031 2105 2059 diuina
2126 2034 2229 2061 caelum

2135 2071 2229 2097 quen.

1721 2028 1735 2062 [
1744 2028 1858 2064 ιὐθᾶνων]

1157 2098 1206 2125 Sat.
1221 2107 1264 2132 10,
1284 2107 1329 2133 127

1561 2135 1658 2162 Saeuus
1679 2141 1705 2162 et
1734 2136 1812 2162 illum

1314 2170 1406 2197 Exitus
1426 2169 1545 2205 eripuit,
1571 2180 1650 2205 quem
1671 2171 1839 2197 mirabantur
1859 2171 1977 2199 Athenae

1313 2206 1483 2233 Torrentem
1504 2213 1530 2232 et
1551 2207 1622 2240 pleni
1646 2207 1830 2234 moderantem
1850 2207 1927 2234 frena
1947 2209 2053 2237 theatri.

1152 2242 1192 2267 D:
1206 2241 1330 2268 Cicerone.

1190 2283 1242 2302 ΜΟ
1251 2282 1270 2302 D
1281 2283 1296 2301 E
1306 2283 1324 2302 R
1336 2283 1358 2303 A
1370 2283 1422 2302 NT
1433 2282 1449 2303 ε
1460 2282 1489 2302 R.
1527 2275 1595 2302 Adu.
1632 2277 1802 2312 [ιύθυ-ώῆως]
1839 2278 1943 2306 Luci-et.
1958 2287 1989 2310 2,
2009 2287 2072 2314 1095
2104 2282 2173 2316 Quis
2186 2291 2226 2310 re-

23 2320 151 2352 Ann.5‚1.
224 2318 329 2344 Mentio
350 2315 423 2344 Idem
436 2314 505 2342 Hist.
516 2323 538 2350 3,
546 2324 570 2349 9.
643 2312 738 2340 Patella
751 2321 863 2339 coenare
884 2312 1000 2346 Horfp.
1010 2322 1028 2346 1,
1038 2323 1059 2346 ς,
1067 2322 1088 2340 2.
1150 2320 1214 2346 gere
1229 2311 1347 2338 immensi
1363 2313 1509 2338 fiammamz
1537 2312 1596 2347 quis
1609 2312 1708 2339 habere
1722 2313 1851 2348 profundi
1864 2314 1931 2341 Indu
1946 2324 2025 2343 manu
2040 2317 2139 2344 val-idas
2154 2318 2224 2353 potis

23 2356 48 2382 b.
62 2364 82 2381 e.
104 2355 182 2380 Coma
192 2360 326 2389 pauperum
340 2360 365 2379 et
373 2350 531 2387 plebeiorum.
567 2350 702 2384 Magnifici
714 2349 780 2374 em'm
793 2349 856 2374 ciues
869 2356 892 2373 et
906 2351 998 2374 niuster
1006 2358 1088 2383 gran-
1151 2347 1187 2373 est
1201 2347 1372 2374 moderanter
1384 2347 1517 2374 habenas?
1573 2351 1686 2384 Cmnpar.
1725 2349 1805 2376 Ouid.
1821 2349 1853 2376 de
1862 2352 1925 2377 Arte
1938 2352 1996 2378 Am.
2011 2360 2036 2385 2,
2054 2361 2103 2386 333.
2158 2356 2224 2381 Cur.

24 2392 66 2416 des
80 2390 200 2416 habebam
213 2389 332 2424 patinas,
352 2395 382 2414 vt
393 2397 424 2414 ex
438 2386 505 2413 Pers.
515 2395 538 2420 2,
553 2395 583 2418 4²
602 2391 716 2420 apparet,
737 2385 781 2410 vbi
792 2384 885 2418 inquit,
921 2399 968 2404 -—
988 2384 1030 2410 sed
1045 2394 1087 2419 pa.
1102 2383 1137 2408 60
1151 2392 1212 2410 rere
1226 2383 1410 2410 moderantius
1433 2383 1472 2410 Id.
1488 2383 1552 2410 Met.
1567 2392 1594 2417 ι,
1616 2393 1666 2418 510.
1742 2385 1842 2420 Optare
1854 2387 2037 2415 moderantius
2050 2389 2152 2424 aliquid
2186 2390 2222 2418 ld.

25 2425 97 2452 tinae
109 2424 229 2459 grandes,
248 2431 385 2458 tucetaque
398 2423 483 2449 crassa.
524 2422 661 2447 Turnebus.
736 2420 826 2447 Tacit.
836 2419 903 2446 Hist.
917 2429 938 2453 3,
961 2430 988 2452 74
1027 2422 1086 2448 Mo-
1151 2427 1184 2445 ex
1199 2420 1270 2445 Pont.
1286 2428 1313 2452 1,
1326 2425 1356 2452 8,
1368 2428 1406 2454 71.
1486 2422 1573 2446 Verum
1594 2419 1633 2446 his
1647 2420 1756 2456 aliisque
1773 2422 1832 2448 lvcis
1851 2423 1963 2449 melium
1979 2424 2042 2450 libri
2061 2427 2150 2451 habrnt
2163 2427 2222 2454 Mo.

24 2461 114 2488 dicum
128 2460 255 2486 Sacellum
275 2457 554 2489 IouiConseruatori,
586 2465 712 2491 aramque
730 2456 833 2491 posuit,
871 2457 892 2482 h.
914 2466 932 2482 c.
956 2457 1087 2491 Exiguum.
1151 2455 1276 2481 deratius.

24 2496 98 2523 Idem
112 2495 179 2522 Hist.
193 2504 216 2529 2,
228 2504 259 2528 ⁴³9
297 2494 402 2522 Othoni
417 2492 570 2528 Sepulcrum
584 2492 746 2519 exsti-uelum
760 2492 796 2519 est
811 2492 958 2525 modicum,
974 2500 998 2518 et
1014 2501 1086 2519 man-
1188 2499 1211 2517 M
1221 2498 1240 2517 Ο
1252 2497 1271 2517 D
1283 2497 1299 2517 Ε
1309 2497 1327 2517 R
1338 2492 1420 2517 ᾸΤν
1430 2497 1460 2522 s,
1486 2501 1516 2525 a,
1541 2500 1596 2518 um.
1634 2491 1727 2518 Partic.
1765 2492 1890 2526 [utrem.
1909 2494 2062 2531 σύμμετρος]
2111 2496 2166 2524 Cic,
2188 2497 2221 2525 de

21 2531 120 2558 fi1rum.
193 2530 233 2557 Ab
247 2531 293 2557 vsu
308 2531 416 2558 modico
431 2529 481 2557 tibi
494 2529 601 2556 iuutSius
634 2527 716 2555 Ouid.
726 2537 757 2555 ex
765 2530 841 2555 Pont.
851 2538 873 2561 2,
882 2538 932 2561 r‚7.
989 2529 1086 2563 Digna-
1150 2526 1252 2553 Sene&
1265 2535 1282 2562 7
1311 2527 1444 2553 Moderati
1458 2528 1531 2554 enim
1543 2534 1568 2554 et
1583 2537 1630 2554 nec
1645 2526 1782 2562 difficiles,
1803 2538 1850 2555 nec
1864 2529 2004 2558 inhumani
2019 2534 2104 2565 senes,
2125 2534 2222 2561 tolera-

23 2567 107 2594 tionis
121 2565 240 2594 modicus
276 2567 366 2594 Tacit.
376 2568 476 2599 Ann.4‚
485 2574 520 2598 52,
528 2574 550 2592 2.
622 2565 695 2592 Idem
713 2564 811 2597 ibid.6‚
831 2574 871 2598 39,
894 2574 903 2594 3

25 2604 160 2639 Poppaeus
174 2602 284 2630 Sabinus
299 2602 419 2630 conceffit
431 2602 499 2635 vita,
519 2600 640 2628 modicus
654 2601 786 2635 Originis.
860 2601 988 2626 Pecuniae
1001 2601 1087 2627 modi.

21 2641 67 2666 cus
102 2638 174 2666 Idem
188 2638 253 2666 ibid.
268 2648 289 2672 3,
309 2649 346 2672 72.
420 2637 548 2665 Patercul.
563 2647 582 2671 1,
598 2646 621 2664 12
657 2637 714 2671 lpse
729 2636 850 2663 modicus
859 2636 978 2669 Virium,
993 2637 1086 2663 imma.

21 2675 62 2702 nis
71 2674 260 2710 magnitudinis
272 2674 374 2701 hostem
388 2674 534 2701 interemit.
610 2673 676 2700 Voti
703 2673 770 2699 Pers.
786 2683 808 2706 5,
823 2682 875 2706 ¹09·
949 2673 1083 2707 Modicus,

22 2712 128 2738 Paucur.
166 2711 248 2737 Plaut.
268 2711 299 2737 In
318 2711 460 2745 angiportu
478 2709 556 2737 turba
576 2709 630 2742 est,
667 2708 777 2736 domum
796 2708 895 2735 modici
910 2708 1082 2736 introicrunt.

22 2782 69 2815 (est
82 2783 154 2808 enim
169 2781 200 2809 ad
216 2781 290 2816 vulgi
303 2783 462 2818 opinionem
474 2782 630 2814 mediocris)
650 2781 682 2808 ad
695 2788 767 2808 tuam
781 2780 863 2816 nulla,
884 2780 913 2806 ad
930 2790 1014 2807 meam
1024 2790 1080 2807 mo-

21 2818 94 2852 dica,
113 2818 145 2844 de
158 2827 200 2845 me
214 2817 309 2853 filebo,
330 2818 362 2845 de
374 2826 401 2845 te
413 2817 517 2853 loquar.
591 2819 673 2844 Pauca
692 2823 718 2844 et
738 2817 843 2844 modica
856 2816 975 2844 difl'eruit
1012 2818 1081 2845 Tac.

20 2854 89 2882 Hist.
103 2864 133 2887 4,
153 2853 203 2886 4ο,
224 2864 241 2881 ι.
263 2854 281 2881 ι’.
302 2853 413 2890 modesta.
484 2855 543 2881 Cic.
560 2853 592 2880 de
600 2853 723 2888 Legib.3,
735 2863 768 2886 40
805 2854 882 2886 Qiae
896 2863 955 2879 cum
970 2853 1081 2888 populo,

20 2887 141 2925 quaeque
157 2891 185 2917 in
206 2889 325 2925 patribus
339 2896 462 2925 aguntur,
477 2889 582 2917 modica
598 2890 683 2916 sunto.
721 2889 739 2916 ι’.
759 2888 877 2916 Modesta
894 2896 973 2923 atque
988 2889 1081 2917 sedata.

23 2926 80 2954 Vid.
95 2927 168 2954 Non.
184 2937 212 2958 4,
233 2936 286 2958 292.
308 2933 331 2952 rt
345 2936 385 2957 12,
408 2935 437 2953 11.

19 2968 45 2989 et
63 2971 94 2989 ea
106 2963 282 2989 ducentorum
298 2962 429 2997 iugerum.
501 2961 625 2988 Modicus
640 2961 712 2988 cultu
727 2967 752 2987 et
766 2962 796 2988 In
809 2961 881 2987 cultu
920 2961 985 2988 Plin.
1000 2962 1027 2988 in
1037 2963 1082 2988 Pa-

18 3007 77 3033 neg.
95 3008 118 3026 e.
129 3004 164 3031 83.
181 3006 204 3024 et
221 2998 298 3034 Epist.
311 3009 328 3032 ι,
340 3007 376 3025 22.
449 2997 530 3025 Cultu
544 2997 674 3031 modicus,
692 2998 814 3024 sermone
831 2997 916 3024 facilis
953 2998 1043 3024 Tacit.
1054 2998 1082 3025 in

20 3034 73 3062 vit.
83 3035 168 3070 Agric.
179 3044 219 3067 40.
294 3035 379 3069 Eques
415 3034 489 3061 Idem
497 3035 568 3060 Ann.
578 3043 596 3069 1,
609 3043 645 3066 73.
718 3033 959 3060 Exercitationibus
967 3034 1081 3061 modicis

21 3070 147 3098 Vtendum
183 3071 240 3098 Cie.
254 3070 434 3102 deSeneet.36
456 3079 520 3097 c.11.
556 3068 736 3096 Facultatibus
750 3069 871 3096 modicus
891 3069 1081 3105 Plintipsffiz.

21 3103 108 3144 Gradu
126 3106 234 3133 modico
271 3107 353 3133 Plaut.
368 3107 449 3133 Poen.
463 3116 491 3140 3,
510 3116 534 3139 1,
554 3115 589 3141 19.

23 3139 104 3166 Minis
116 3142 226 3170 modicis
265 3143 347 3170 Plaut.
358 3142 447 3169 Pseud.
456 3153 479 3176 4,
489 3152 511 3176 7,
522 3151 569 3174 130.
642 3142 775 3169 Praelium
797 3141 857 3169 Liu.
867 3142 898 3168 de
906 3142 970 3168 Bell.
980 3143 1080 3170 Maced.

23 3174 107 3207 Quies
123 3192 127 3196 ι
141 3178 214 3205 Idem
229 3179 341 3206 ibidem.
412 3179 464 3205 Res
502 3178 583 3205 Plaut.
590 3178 658 3204 Pers.
669 3188 694 3211 3,
713 3187 738 3211 1,
756 3187 787 3210 17.
858 3178 908 3204 Sed
923 3184 1010 3204 tamen
1024 3188 1081 3205 mo-

23 3209 78 3236 dici
91 3210 188 3239 fuimus
199 3215 228 3241 in
240 3215 339 3243 ὖκοῠέσει
359 3214 415 3241 Cic.
425 3215 509 3249 Att.4‚
517 3224 537 3244 ς.
555 3215 580 3241 h.
588 3223 608 3240 e.
629 3215 725 3240 Breues.
741 3213 931 3240 Modiciffimus
947 3214 1080 3249 fulgentii

2 3268 7 3270 ψ
23 3245 68 3281 ff
83 3247 186 3286 (licitur,
253 3251 364 3277 Modico
383 3257 524 3277 contentus
546 3250 640 3285 agebas
676 3251 769 3276 quen.
783 3250 832 3276 Sat.
848 3259 873 3284 9,
893 3261 919 3284 9.
993 3251 1037 3278 Ne
1052 3251 1080 3277 in

23 3281 131 3310 modico
144 3282 249 3316 quidem
262 3286 359 3313 seruari
374 3286 457 3322 potest
476 3286 650 3321 Ve11.2‚63‚1.
670 3286 720 3311 alii
733 3286 819 3312 aliter.

60 3324 85 3343 Μ
97 3323 116 3344 O
126 3323 144 3343 D
154 3324 163 3343 1
173 3323 191 3344 c
205 3324 221 3343 Β
233 3326 248 3344 L
259 3326 342 3356 Lvs,
362 3331 394 3356 a,
415 3332 471 3350 um.
509 3322 569 3350 Adi.
583 3322 687 3349 Dimin.
724 3322 831 3348 Sueton.
847 3321 874 3348 in
887 3322 992 3349 Neron.
1012 3331 1034 3349 c.
1049 3328 1077 3355 48

25 3352 158 3415 gecubuit
178 3353 366 3388 superlectum
386 3358 528 3386 modicella
541 3358 652 3385 culcitra
671 3365 763 3385 vetere
781 3358 864 3392 pallio
883 3358 962 3385 strato
982 3358 1079 3385 instru-

52 3397 106 3415 um.

59 3431 84 3450 M
92 3431 111 3450 0
120 3421 163 3465 ni
173 3429 190 3450 c
203 3429 224 3449 v
234 3430 268 3464 M.
304 3424 370 3454 Adu.
406 3429 504 3464 [τυἹοὸν
516 3431 531 3466 ]
576 3431 678 3458 Parum.

22 3459 120 3495 Edepol
140 3459 167 3486 id
187 3459 324 3486 modicum
341 3470 420 3491 curat.

58 3503 84 3523 M
92 3502 111 3522 0
120 3502 138 3522 D
147 3494 161 3524 f
170 3501 186 3522 C
196 3501 222 3523 E.
260 3495 326 3522 Adn.
362 3497 474 3535 [μικρὴ]

733 3430 816 3458 Plaut.
833 3429 924 3457 Bacch.
945 3430 1047 3466 Fragm.
1060 3437 1079 3462 4

56 3531 60 3537 Ι
301 3532 306 3536 ι
401 3532 408 3537 ·
509 3502 655 3534 Moderate,
673 3501 704 3528 it.
717 3508 822 3537 parum,
843 3501 958 3529 breuiter.
997 3501 1079 3527 Plaut.

23 3525 81 3558 Mil.
94 3540 122 3573 4,
137 3540 160 3565 5,
174 3539 198 3564 ις
233 3530 338 3571 Modice
358 3533 431 3566 sapn.
501 3537 566 3563 Plin.
580 3539 613 3570 6,
626 3546 659 3564 22
691 3537 817 3564 Aedificia
832 3537 936 3565 modice
948 3538 981 3564 ab
993 3537 1077 3563 humo

22 3573 144 3594 extantia.
216 3568 271 3595 cic.
288 3569 339 3607 Att.
354 3576 380 3600 2,
395 3576 422 3601 19
447 3569 534 3598 Minae
546 3573 636 3600 Clodii
654 3574 907 3609 contentionesque,
927 3582 993 3609 quae
1008 3571 1077 3598 mihi

23 3607 226 3666 grofforcmmr’
244 3602 349 3629 modice
360 3613 403 3630 me
415 3609 530 3638 tangunt.
598 3609 757 3636 Traduccre
769 3610 849 3637 verba
864 3610 969 3636 modice
997 3609 1075 3635 Varr.

41 3646 55 3663 e
72 3668 75 3669 .
92 3658 98 3665 .
135 3659 141 3665 .
157 3644 186 3673 8,
209 3649 245 3666 10.

23 3674 85 3700 celse
99 3674 142 3701 est.
214 3676 290 3702 Varr.
309 3673 342 3701 de
355 3676 385 3702 R.
401 3676 432 3701 R.
463 3675 554 3708 Quim
567 3680 655 3706 aerest
667 3681 771 3708 modice
785 3688 952 3716 temperatus.

25 3709 95 3736 Fam.
110 3711 146 3742 16,
160 3719 175 3743 9
194 3710 253 3737 Nos
266 3711 380 3745 Agemus
393 3711 483 3737 omnia
497 3711 608 3740 modice.
680 3716 718 3743 1d,
732 3726 781 3752 pro
795 3718 847 3744 Sul.
861 3723 893 3748 80
919 3718 1077 3750 Quanquam

24 3753 38 3770 a
52 3754 94 3771 me
105 3745 197 3772 timide
210 3742 366 3781 modiceque
381 3746 499 3774 Dicetur.
572 3747 610 3774 Id.
623 3749 693 3778 Fam.
706 3762 734 3785 4,
746 3763 764 3785 4
790 3754 837 3780 Sed
851 3761 937 3780 tamen
950 3752 1077 3786 quoniam

23 3780 105 3814 effugi
117 3781 171 3807 eius
185 3781 368 3817 offensionem,
388 3784 435 3817 qui
449 3783 553 3809 fortasse
567 3782 739 3814 arbitraretur
753 3798 794 3816 me
808 3789 873 3815 hanc
887 3788 1076 3822 Rempub.non

1020 3681 1076 3708 Cic.

24 3851 96 3878 dum.
133 3852 151 3879 ἰ.
171 3853 239 3879 Cum
250 3853 332 3880 modo
345 3862 431 3889 aequo
445 3861 471 3881 et
489 3855 547 3890 pari
579 3855 701 3888 Gell.12,
718 3866 750 3888 ¹3·
769 3862 910 3890 interm-rte.
955 3861 1004 3886 Pro
1024 3860 1076 3886 Mo-

23 3886 102 3923 mste,
121 3888 165 3912 vel
176 3890 295 3914 moden-nte
307 3897 331 3915 et
341 3891 476 3924 patienter.
549 3891 605 3917 Cic.
619 3891 701 3917 Tusc.
714 3901 740 3924 1,
760 3902 793 3921 ιιι
822 3896 950 3923 Nostrum
964 3896 1036 3922 enim
1050 3905 1076 3922 et

23 3922 110 3949 nostra
123 3923 194 3949 causa
207 3923 347 3958 susceptum
361 3926 482 3954 dolorem
495 3926 601 3953 modice
613 3927 693 3953 Ferre
703 3926 833 3958 debemus.
918 3949 926 3954 -
965 3932 1076 3958 iniurias

22 3959 78 3987 Cic.
90 3958 123 4000 de
136 3958 192 3999 Fin.
210 3967 235 3993 1,
252 3962 284 3992 46
307 3970 379 3995 c.14.
449 3963 578 3999 Spernere
589 3962 693 3990 modice
706 3962 854 3994 libertatem
872 3968 932 3997 Liu.
953 3988 960 3994 .
982 3987 990 3995 .
1028 3966 1076 3993 Vti

24 3993 128 4022 modice
141 3993 261 4022 libertate
286 3995 326 4023 Id.
339 4005 382 4031 34,
396 4006 441 4033 49.

943 2564 1008 2590 l-'iue
1022 2565 1086 2591 anni
1105 2564 1135 2591 65
1151 2562 1321 2597 bilemagunt
1331 2562 1500 2590 senectutem.

1149 2607 1234 2625 meam
1248 2598 1430 2633 reprehendit,
1448 2599 1519 2626 idem
1527 2600 1629 2633 iocum,
1648 2609 1746 2636 magno
1759 2603 1982 2637 argumento-est,
2003 2604 2084 2631 mein
2102 2612 2218 2641 vtroque

1147 2634 1223 2661 fuisse
1230 2635 1408 2661 moderatum.
1445 2635 1600 2662 Moderatus
1608 2642 1634 2663 et
1641 2643 1788 2671 temperans
1798 2638 1824 2663 in
1832 2638 1957 2665 omnibus
1965 2641 2034 2666 vitae
2043 2641 2163 2675 partibus
2181 2642 2219 2670 Id.

1148 2680 1197 2705 pro
1206 2671 1281 2699 Font.
1288 2679 1330 2703 30.

1149 2706 1231 2733 Ouid'.
1246 2708 1308 2733 Mer.
1322 2715 1351 2740 4,
1365 2715 1418 2739 234.

21 2746 80 2774 Cic,
90 2747 117 2772 in
125 2746 213 2773 parad,
225 2751 251 2779 6,
266 2755 279 2773 2
316 2747 404 2773 Meam
417 2753 503 2774 autem
518 2746 646 2780 quoniam
656 2745 797 2772 Pecuniam
810 2745 970 2777 contemnis,
979 2753 1004 2771 et
1012 2745 1084 2772 τεᾶς
1102 2751 1135 2775 70
1147 2743 1265 2777 ratisque
1279 2742 1404 2769 Moribus
1418 2743 1467 2770 efl'e
1499 2743 1555 2770 Cic.
1569 2744 1641 2771 Fam.
1657 2753 1691 2777 12,
1703 2751 1743 2779 27.

1147 2778 1200 2810 bo,
1224 2778 1360 2805 moderata
1381 2778 1463 2806 modo
1481 2779 1529 2806 sint
1561 2780 1599 2808 Id.
1618 2780 1651 2807 de
1671 2781 1745 2810 Orat.
1760 2790 1772 2807 2
1796 2791 1818 2809 c.
1840 2791 1875 2814 37.

1147 2815 1226 2841 Cons.
1249 2816 1321 2842 Ηοιι.
1340 2817 1372 2850 6,
1390 2823 1446 2849 549.

1147 2851 1235 2891 Trist-
1251 2860 1282 2887 4,,
1292 2862 1326 2885 4,
1341 2859 1380 2887 57·

1147 2888 1225 2913 Catil.
1241 2897 1263 2914 c.
1278 2895 1303 2913 12.
1335 2888 1420 2922 Igitur
1434 2896 1465 2914 ex
1479 2887 1584 2914 diuitiis
1603 2888 1771 2915 iuuentutem
1785 2889 1905 2923 luxuria,
1932 2897 2011 2926 atque
2025 2893 2137 2920 auaritia
2151 2903 2213 2920 cum

510 2926 589 2952 vars,
600 2925 632 2951 de
640 2925 671 2952 R,
682 2926 741 2957 R,1‚
764 2931 788 2955 ¹8
826 2925 935 2952 M0dica
944 2926 1082 2957 centuria,
1101 2933 1129 2957 75
1145 2923 1267 2957 superbia
1292 2923 1413 2950 inuasere
1428 2932 1435 2953 ;
1474 2932 1582 2958 rapere,
1608 2924 1781 2958 consumere,
1815 2926 1859 2952 sua
1884 2927 2094 2962 paruipendere,
2124 2929 2210 2956 aliena

1557 2564 1614 2590 Cic.
1621 2563 1734 2599 Philipp.
1745 2573 1769 2598 2,
1778 2574 1814 2597 40
1823 2566 1870 2592 1116
1891 2568 1970 2600 Qiod
1979 2568 2049 2595 idem
2057 2569 2220 2597 moestitiam

1369 2671 1488 2705 Cupidos
1498 2672 1644 2698 Moderatis
1651 2673 1784 2700 anteferre
1799 2673 1836 2701 Id.
1844 2673 1911 2702 lbid.
1919 2684 1944 2701 22
1959 2685 1980 2703 c.
1988 2684 2016 2702 10
2025 2682 2091 2703 extr.
2133 2680 2217 2705 Amor

1938 2711 2111 2747 Temperaiis
2126 2714 2216 2741 mode-

1801 2754 1802 2757 *
1818 2746 1874 2781 Ego
1886 2746 1933 2774 ista
1945 2747 2033 2774 Studia
2048 2758 2102 2775 non
2118 2750 2216 2784 impro-

1948 2783 2091 2819 Tempora
2120 2786 2214 2814 Claud.

1538 2816 1632 2843 Ventis
1657 2815 1799 2843 moderatis
1818 2817 1950 2845 iactantur
1973 2828 2089 2854 aequora
2130 2822 2213 2850 Ouid.

1456 2851 1507 2878 Vir
1520 2852 1672 2879 moderatus
1705 2852 1762 2879 Cic.
1776 2852 1808 2880 de
1826 2853 1913 2881 Finib.
1926 2863 1949 2889 3,
1965 2865 1993 2882 ιι.
2067 2856 2166 2884 Sallust.
2184 2858 2213 2885 in

1492 2709 1533 2734 Ira
1544 2734 1548 2735 ⁷
1559 2707 1597 2735 Id.
1611 2716 1642 2735 ex
1656 2709 1731 2736 Pont.
1746 2717 1772 2742 2,
1786 2717 1811 2743 9,
1826 2719 1863 2743 77.

1144 2968 1241 2993 cupere
1249 2981 1267 3001 ³.
1279 2959 1426 2994 pudorem,
1455 2959 1628 2995 pudicitiam,
1648 2959 1741 2987 diuina
1754 2966 1833 2996 atque
1849 2961 1965 2990 humana
1978 2964 2142 2998 promiscua,
2168 2965 2208 2990 ni-

1144 2993 1183 3021 hil
1198 2998 1267 3029 penti
1282 3004 1370 3030 neque
1384 2994 1630 3025 moderatihabere.
1666 2996 1685 3024 ι’.
1704 2997 1841 3034 modestiae.

1145 3031 1312 3057 moderatior
1335 3032 1392 3058 Cic.
1409 3030 1496 3060 Parad.
1509 3041 1521 3063 3
1540 3038 1607 3059 extr.

1143 3067 1216 3093 enim
1232 3066 1397 3094 moderatior
1411 3066 1486 3094 alter.

662 3105 795 3133 Iudicium
832 3106 1012 3139 Quinciilian.
1024 3113 1046 3139 Β,
1063 3116 1083 3139 3.
1099 3110 1132 3134 80
1143 3103 1231 3129 tissimi
1246 3104 1303 3130 esse.

1145 3175 1204 3201 Am.
1220 3184 1240 3207 3,
1255 3178 1299 3208 683
1328 3174 1377 3202 Sed
1390 3181 1431 3209 te,
1452 3185 1626 3211 quaecunque
1639 3178 1692 3211 est,
1719 3177 1856 3204 moderate
1871 3176 1971 3203 iniuria
1987 3177 2084 3203 turbet.

1915 3002 2029 3034 Compar.
2068 2999 2208 3034 Vitagestu

1682 3032 1765 3061 Ouid.
1785 3033 1872 3061 Trist.
1894 3044 1918 3068 1,
1941 3041 1970 3068 8,
1990 3043 2017 3065 25
2053 3050 2099 3055 —
2123 3044 2208 3069 neque

1559 3065 1657 3104 Superl.
1693 3068 1751 3097 Cic.
1767 3069 1839 3097 Fam.
1851 3080 1896 3103 10,
1918 3080 1947 3103 2⁴
1975 3071 2066 3097 Sensus
2087 3071 2208 3099 modera-

1342 3103 1416 3137 Conf.
1430 3103 1496 3130 Plin.
1512 3113 1551 3136 31,
1568 3106 1593 3132 6.

1182 3145 1206 3165 M
1216 3145 1235 3166 0
1245 3146 1264 3166 D
1278 3145 1294 3166 E
1305 3146 1324 3165 R
1334 3140 1355 3166 Ᾰ
1366 3146 1388 3166 Τ
1403 3145 1432 3166 Ε.
1453 3140 1519 3167 Adu.
1545 3141 1680 3177 [μετρίως]
1718 3143 1779 3168 Cum
1791 3143 1963 3167 moderatione.
2000 3140 2082 3168 Ouid.
2096 3141 2129 3169 de
2143 3143 2208 3171 Arte

2148 3179 2206 3207 Cic.

1143 3220 1193 3245 pro
1208 3211 1284 3237 Font.
1297 3220 1320 3238 21
1356 3211 1395 3238 Ab
1413 3211 1454 3239 his
1474 3212 1621 3247 quidquam
1639 3213 1727 3240 sancte
1745 3220 1789 3239 aut
1809 3212 1942 3239 moderate
1963 3212 2063 3239 dierum
2083 3214 2208 3248 putabis!

1144 3246 1257 3281 copiam
1277 3256 1367 3273 rerum
1388 3249 1524 3275 moderate
1543 3249 1614 3275 ferre
1633 3258 1688 3275 non
1709 3250 1812 3284 potsunt
1831 3249 1887 3275 Cic.
1908 3255 2000 3275 contra
2020 3249 2091 3276 Rull.
2106 3260 2115 3277 1
2143 3261 2165 3277 c.
2179 3255 2204 3280 6.

1100 3292 1129 3318 ὃς
1145 3282 1200 3310 Cic.
1215 3282 1247 3321 de
1262 3284 1369 3324 dmicit.
1380 3290 1393 3314 3
1418 3284 1500 3318 Q1od
1513 3285 1691 3311 animaduerti
1707 3292 1732 3311 te
1746 3284 1867 3312 dolorem
1882 3293 1960 3318 quem
1976 3285 2122 3319 acceperis,
2143 3296 2206 3314 cum

1143 3319 1238 3346 summi
1253 3319 1306 3346 vtri
1316 3340 1324 3352 ‚
1345 3326 1401 3347 tum
1415 3321 1561 3348 amicissimi
1575 3327 1679 3354 morte,
1698 3321 1770 3348 ferre
1783 3322 1934 3355 moderate,
1960 3330 2007 3347 nec
2021 3322 2133 3355 potuisse
2149 3333 2205 3350 non

1141 3355 1318 3383 commoneri.

1356 3357 1427 3390 Confi
1442 3357 1480 3384 Id.
1496 3356 1565 3384 Fam.
1580 3359 1606 3390 6,
1621 3366 1639 3384 1.
1713 3359 1826 3397 Catapar.
1863 3356 1920 3383 Cic.
1928 3356 1960 3383 cle
1975 3356 2062 3384 Finib.
2077 3367 2094 3391 1,
2116 3367 2128 3385 2
2147 3359 2204 3393 Qii

1141 3397 1244 3425 autem,
1265 3391 1282 3418 si
1296 3392 1413 3419 maxime
1427 3393 1478 3419 hoc
1492 3393 1606 3427 placeat,
1631 3392 1794 3420 moderatius
1808 3399 1895 3419 tamen
1909 3392 1936 3419 id
1949 3392 2045 3420 volunt
2059 3394 2135 3430 fieri,
2157 3402 2203 3422 etc.

1141 3428 1265 3455 Isocrates
1278 3428 1433 3455 festiuitates
1448 3429 1610 3456 moderatius
1624 3428 1803 3464 Temperauit
1827 3429 1883 3456 Cic.
1898 3428 1926 3455 in
1940 3429 2014 3458 Orat.
2029 3439 2050 3456 c.
2065 3440 2100 3465 ςε-

1094 3472 1129 3498 90
1141 3463 1215 3490 dono
1228 3464 1392 3491 moderatius
1419 3465 1502 3492 Ouid.
1518 3466 1609 3492 Amor.
1625 3475 1645 3498 3,
1660 3475 1680 3497 3,
1693 3474 1730 3504 ⁴¹7:

1803 3465 1898 3500 Superl.
1918 3464 2108 3502 [μετριώτατα]
2145 3432 2203 3493 gi?

1141 3499 1173 3527 de
1188 3500 1280 3535 Legib.
1293 3509 1315 3533 3,
1331 3509 1354 3527 12
1373 3510 1416 3541 c.5
1442 3502 1517 3535 Quae
1530 3510 1571 3528 res
1585 3510 1666 3535 quum
1680 3499 1861 3534 sapientissime
1869 3501 2125 3536 moderatillimeque
2138 3512 2202 3529 con-

1140 3535 1227 3563 stituta
1246 3537 1333 3563 effeta
1345 3536 1495 3564 maloribus
1509 3537 1622 3567 nostris,
1648 3535 1717 3562 nihil
1738 3534 1820 3563 habui
1840 3537 1900 3563 sane
1919 3546 1975 3564 non
1995 3538 2109 3565 multum

1138 3579 1259 3607 putarem
1272 3573 1426 3600 nouandum
1435 3593 1442 3606 ‚
1461 3581 1506 3600 etc.

320 3639 376 3665 Cic.
391 3640 442 3668 Att.
473 3639 519 3666 Sed
532 3646 561 3668 vt
576 3644 681 3671 modice
695 3646 803 3672 caeteris
817 3646 882 3672 vtile
893 3646 944 3678 est,
968 3644 1018 3672 tibi
1033 3654 1077 3672 ne-
1096 3652 1127 3677 95

1139 3680 1236 3707 tribuit
1249 3680 1409 3708 moderatim
1424 3681 1538 3707 crescere
1557 3687 1661 3713 cogens.

2128 3538 2201 3573 quod

1176 3615 1201 3635 M
1211 3614 1230 3635 0
1242 3615 1260 3634 D
1271 3616 1288 3636 Ε
1299 3615 1319 3635 R
1329 3615 1350 3635 A
1363 3616 1386 3636 T
1397 3615 1418 3635 v
1428 3616 1458 3642 S,
1572 3607 1632 3635 Liu.
1646 3616 1680 3640 4,
1699 3627 1706 3634 .
1726 3627 1733 3635 .
1764 3607 1875 3635 Manum
1894 3608 2032 3636 moderatu
2054 3609 2198 3636 difficilem.

1177 3651 1203 3670 M
1214 3650 1234 3671 O
1245 3651 1264 3671 D
1272 3652 1289 3671 E
1299 3651 1318 3671 R
1328 3646 1351 3671 Α·
1359 3652 1380 3671 Τ
1391 3652 1400 3671 1
1411 3651 1444 3671 M.
1482 3645 1550 3671 Adu.
1587 3643 1691 3670 Lucret.
1706 3653 1768 3677 '³323
1798 3645 1955 3680 Naturaque
1968 3645 2046 3671 rebus
2060 3645 2199 3672 Paullatim

1698 3681 1716 3707 ι’.
1742 3681 1855 3714 Mndice,
1880 3686 1906 3707 et
1923 3681 2074 3713 moderate,
2099 3687 2125 3707 et
2144 3681 2197 3706 sen-

1488 3618 1516 3637 u.

1141 3716 1203 3747 sim,
1229 3723 1308 3750 atque
1323 3716 1374 3750 ita,
1398 3724 1437 3751 vt,
1450 3714 1650 3755 quidquotidie
1663 3716 1776 3749 accedat,
1789 3725 1898 3744 cernere
1912 3725 1992 3744 nemo
2008 3716 2090 3751 poffit.

553 3818 558 3823 .
1139 3788 1246 3822 lenitas,
1273 3798 1336 3823 quae
1349 3790 1484 3824 temperat,
1511 3787 1652 3822 dirIgitque
1671 3789 1750 3814 modos
1762 3788 1789 3813 in
1798 3789 1878 3823 faHis
1891 3796 1914 3813 ct
1928 3789 2018 3821 μ’ἱέῖίς,

23 3822 132 3851 putare,
151 3816 168 3843 fi
180 3824 307 3852 perpetuo
320 3817 449 3849 &ccv-’¹1¹3
488 3819 591 3845 modice
605 3818 656 3846 hoc
664 3821 780 3856 Faciam,
795 3832 840 3851 aut
854 3825 933 3851 etiam
942 3825 1011 3850 intra
1021 3832 1074 3850 mo-
1086 3830 1201 3857 rooquae
1214 3825 1305 3859 agendi
1316 3824 1392 3856 officio
1405 3824 1571 3849 continentur.

1140 3859 1271 3887 rationem
1285 3860 1369 3886 animi
1383 3859 1437 3893 tui,
1463 3865 1489 3885 et
1508 3858 1675 3893 aequitatem.

1139 3895 1352 3923 moderationem
1365 3894 1518 3921 minoribus
1533 3904 1640 3929 quoque
1653 3896 1772 3930 personis
1786 3903 1812 3922 et
1831 3895 1909 3921 rebus
1922 3893 2050 3920 exhibuit.

1139 3929 1203 3958 bere
1216 3931 1428 3959 moderationem
1440 3931 1469 3957 in
1483 3940 1512 3958 re
1524 3930 1621 3966 aliqua.

1139 3976 1160 3994 C.
1207 3988 1212 3994 .

1091 3976 1273 4032 105di5d9iuina
1286 4003 1315 4028 in
1334 4002 1457 4031 homines
1478 4003 1649 4031 moderatio:
1684 4011 1715 4030 vt
1732 4004 1837 4029 dicimus
1855 3999 1998 4035 [inperium
2016 4004 2042 4021 in
2061 3995 2191 4022 homines.

1176 3759 1201 3778 M
1213 3758 1233 3778 Ο
1244 3758 1262 3779 D
1274 3758 1320 3779 ER
1333 3759 1355 3779 A
1367 3759 1390 3780 Τ
1405 3760 1412 3778 l
1427 3760 1463 3786 O,
1483 3755 1551 3778 ὃῐιις.
1576 3751 1595 3778 f.
1615 3751 1769 3786 [μετςιότης,
1788 3754 1961 3787 σωφρονισμὸς]
1998 3750 2195 3788 ,Μυιίςβιάῂβὶιιι

2059 3795 2081 3812 fl
2095 3792 2194 3812 “at'tfrls

1642 3824 1700 3850 Cic.
1716 3823 1748 3850 de
1769 3823 1870 3851 Senec‘l.
1887 3834 1894 3849 1
1926 3823 2002 3849 Noui
2022 3822 2090 3849 enim
2104 3818 2193 3845 mode-

1749 3860 1819 3887 Suet.
1840 3861 1866 3886 in
1888 3859 1988 3885 Tiber.
2009 3868 2028 3883 c.
2043 3866 2067 3888 3²
2102 3856 2192 3892 Parem

2111 3888 2191 3914 Adhi-

1663 3933 1719 3958 Vid.
1741 3939 1762 3958 A
1774 3938 1792 3957 D
1806 3939 1825 3957 u
1839 3937 1871 3957 ιΒ
1882 3937 1938 3957 eo.
1973 3928 2028 3954 cic.
2042 3925 2073 3950 de
2089 3925 2162 3951 Orat.
2178 3933 2190 3950 2

1273 3966 1442 4000 Moderatio,
1465 3968 1622 3994 Gubernatie.
1677 3968 1733 3995 Cic.
1747 3967 1779 3993 de
1795 3967 1856 3994 Nat.
1873 3967 1952 3992 Deor.
1966 3972 1986 3994 3,
2002 3967 2097 4000 851³·35
2115 3961 2191 3986 Mun·

1293 4039 1345 4074 Qq
1365 4048 1378 4065 2
2133 4032 2189 4057 Cic.
