2517 4231
664 220 905 263 MAN

255 315 361 350 quidem
374 313 497 348 asperitas
511 313 594 339 vllum
607 310 687 339 studii
702 317 804 345 tempus
818 309 941 342 eriperet.
1104 301 1126 346 ⁴]
1142 312 1155 330 2
1175 301 1308 334 Manicae,

255 354 265 383 [
274 349 422 384 χειςέπεδοα]
461 350 582 375 Mannum
600 348 710 373 vincula.
747 345 843 379 Virgil.
853 345 949 377 Acme,
968 342 1011 373 146
1047 339 1164 367 Mamcas
1177 346 1254 373 atque
1268 346 1308 364 ar-

256 387 296 412 &a
322 384 408 411 leuari
445 384 541 411 Vincla
561 383 633 410 iubet
653 382 778 409 Priamus.
850 380 957 406 Truces
994 375 1083 403 Valer.
1098 380 1195 416 Argon.
1207 384 1236 408 2,
1255 376 1307 406 463.

255 423 390 455 Occupare
404 420 520 454 aliquem
533 419 643 446 manicis
681 418 756 448 Virg.
768 416 866 449 Georg.
878 425 891 445 4
900 434 908 446 ,
921 421 973 445 439.
1029 413 1061 439 111
1074 421 1186 453 manicis
1199 417 1224 437 et
1238 419 1308 437 com-

255 456 367 491 pedibus
385 463 475 482 tenere
488 455 604 489 aliquem
638 453 707 479 Hor.
721 451 798 485 Epist.
815 460 838 480 1,
858 452 892 488 16,
912 452 955 483 76.
1029 448 1103 481 Quid
1117 448 1135 475 si
1151 456 1243 474 manus
1258 455 1310 472 tna-
1333 449 1346 472 ς

255 492 322 518 nicis
337 492 527 526 restringantur
541 492 550 516 ἓ
582 488 645 523 quid
658 488 675 514 fi
688 487 766 522 pedes
785 486 885 520 pedicis
898 482 1067 511 0021610111111
1102 484 1179 519 Apul.
1200 482 1272 510 Flor.
1286 491 1310 515 3.

255 529 324 555 Add.
345 528 426 554 Plaut.
439 528 555 556 Mosts,
575 535 598 557 1,
619 533 651 555 17,
891 529 902 552 3
940 521 1033 547 Manus
1048 520 1163 554 firi-eae,
1182 518 1310 545 machinae

256 573 317 599 quae
330 565 435 590 natabus
448 562 623 588 inliciebantur
637 560 673 584 ad
684 567 723 583 eas
736 557 889 589 retinendas,
909 563 950 592 ap.
965 556 1065 584 Lucan.
1074 566 1096 589 3,
1108 558 1152 587 565
1189 554 1233 581 Ast
1245 554 1309 581 alias

256 600 425 634 manicaeque
439 599 519 632 ligant
532 601 676 627 teretesque
690 598 804 620 catenae.

253 241 322 277 203

294 642 319 662 M
331 642 351 661 A
363 642 386 661 Ν
398 642 406 660 1
418 640 435 660 C
446 635 469 659 A
479 639 500 658 Τ
511 639 531 657 V
542 637 568 662 S,
589 638 612 661 a,
631 638 685 655 um.
725 629 784 655 Adi.
822 629 985 662 [χειριδωτὸς]
1021 628 1097 662 Qod
1107 626 1179 652 habet
1193 625 1310 651 manicas.
1324 629 1352 646 ¹0
1368 622 1423 658 stat
1435 622 1579 657 manipulis
1591 632 1622 648 ex
1635 632 1699 649 omni
1709 635 1800 659 genere
1809 628 1921 662 peditum
1940 626 2068 661 demptis.

257 671 435 703 Columelm,
457 678 482 700 1,
500 676 523 693 21
563 666 638 697 Quae
660 671 771 699 vtraque
793 663 970 699 prohibentur
984 664 1085 696 optime
1099 661 1214 696 pellibus
1227 659 1312 687 mani-

259 707 319 734 catis
339 713 364 732 et
384 704 474 739 sugatis
496 700 604 728 cucullis
614 720 622 733 ‚
642 702 691 736 leg.
706 700 772 735 sagis
785 700 928 726 cucullatis.
1000 699 1057 725 Cic.
1073 698 1101 724 in
1110 698 1216 729 Catil.2,
1225 706 1251 723 22
1259 705 1311 722 c.10

258 744 332 775 Qios
345 749 412 775 pexo
424 737 519 772 capillo
532 735 632 763 nitidos
644 742 689 763 aut
706 735 849 768 imberbes,
863 742 908 762 aut
922 735 988 761 bene
1001 733 1123 761 barbatos
1137 732 1244 765 videtis,
1257 740 1312 758 ma-

258 777 349 804 nicatis
363 782 387 802 et
401 773 526 801 talaribus
541 772 649 806 tunicis,
666 773 733 799 velis
746 772 867 805 amietos,
882 780 936 798 non
951 771 1028 804 togis.
1066 770 1185 805 Probi-ose
1198 769 1311 794 nminat

257 815 351 840 Cicero
362 810 502 837 Manicatas
517 808 626 842 tunicas,
645 809 718 843 quasi
735 809 856 834 hominum
875 807 1087 842 effeminatorum,
1107 806 1221 840 quomodo
1235 804 1311 829 etiam
1332 806 1357 829 15

257 848 352 881 Virgil.
365 847 429 872 Aen.
439 854 470 879 9,
491 846 534 872 616
569 845 599 871 Et
615 844 720 871 tunicae
737 844 867 876 manicas,
887 849 912 869 et
926 841 1025 868 habent
1037 840 1194 868 redimicula
1207 840 1312 873 mitrae,

255 886 309 910 vid.
322 885 432 917 Inter-pp.
446 882 481 907 ad
491 882 515 907 h.
530 881 548 906 l.
567 882 599 907 it.
618 880 687 907 Gell.
700 890 724 913 7,
742 889 774 906 12.
810 881 885 906 Curt.
896 888 917 911 3,
931 887 952 911 3,
966 887 997 910 13.

292 922 557 945 ΜΑΝιειΕΑΤ
570 922 635 949 vs,
654 925 679 949 a,
700 925 755 942 um.
791 915 851 940 Adi.
888 915 962 939 Idem.

293 961 319 981 Μ
332 960 355 980 Α
365 959 406 979 NI
418 959 465 980 CV
475 959 492 979 L
506 959 528 979 Α
539 970 548 984 ,
566 961 603 979 ac.
629 952 649 978 f.
685 951 853 979 Transuersa
871 949 908 976 est
927 948 1018 983 regula
1032 948 1060 974 in
1076 948 1142 974 stiua
1155 947 1253 978 aratri;
1280 946 1313 972 sic

1001 913 1112 940 Tunica
1126 911 1216 939 Isidor.
1230 919 1267 944 19,
1277 919 1313 937 22.

255 989 343 1022 dieta,
365 989 438 1023 quod
460 998 540 1015 manu
561 987 670 1015 bubulci
692 993 797 1014 tenetur
811 998 819 1019 3
856 985 903 1020 qui
917 984 988 1020 quasi
1002 985 1039 1011 est
1052 991 1124 1011 temo
1139 984 1210 1010 inter
1230 982 1314 1009 boues
1325 991 1357 1008 20
1379 979 1479 1014 pularis
1494 980 1617 1014 sequutus
1630 981 1685 1011 sim.

255 1027 332 1052 Varr.
346 1025 383 1052 'de
403 1026 432 1052 L.
444 1025 474 1052 L.
485 1034 516 1058 4,
534 1032 569 1056 31.
643 1023 769 1050 Turnebus
788 1029 868 1048 autem
882 1022 945 1047 hunc
960 1022 1037 1047 locum
1043 1021 1082 1054 fic
1096 1022 1175 1056 legit,
1194 1019 1225 1046 Et
1239 1019 1267 1045 in
1282 1027 1312 1044 ea

254 1061 402 1089 transuersa
415 1061 519 1095 regula,
538 1059 691 1091 manibula,
709 1058 782 1093 quod
801 1067 881 1084 manu
894 1056 1004 1084 bubulci
1018 1062 1124 1083 tenetur
1137 1067 1143 1082 ;
1179 1055 1226 1090 qui
1241 1054 1313 1088 quasi

255 1104 326 1125 temo
345 1097 382 1123 est
400 1096 472 1123 inter
489 1095 588 1127 1101ιο5,
607 1095 672 1122 bura
690 1104 705 1122 a
724 1094 826 1127 bubus,
847 1094 894 1120 alii
914 1102 929 1120 a
944 1101 1027 1119 curuo
1042 1101 1155 1119 curuum
1175 1090 1314 1126 appellant.

255 1135 343 1160 Aliter
355 1133 545 1168 interpungitur
562 1133 590 1157 in
602 1130 730 1158 Varronis
744 1131 879 1163 codicibus,
898 1130 947 1165 sed
965 1130 1023 1155 haec
1040 1129 1111 1155 lec‘lio
1130 1128 1192 1154 mihi
1199 1129 1232 1162 fit
1247 1127 1315 1152 veri-

248 1170 366 1203 fimilior.
585 1177 598 1194 2
636 1167 678 1203 Est
690 1167 763 1193 etiam
776 1167 866 1194 dimin.
885 1171 900 1191 'a
914 1166 1018 1192 Manus.

255 1205 343 1231 nicula
357 1202 522 1239 opprimitur
557 1202 841 1236 Ρ12111.Ρ1“011(1.5,1,,16.
879 1202 952 1236 Confi
972 1200 1105 1234 Rud.4,4‚
1115 1209 1162 1231 125.

254 1246 379 1267 MANVS.

290 1284 314 1302 M
323 1283 344 1303 A
355 1283 377 1302 Ν
386 1284 395 1302 1
407 1281 424 1302 F
437 1281 452 1301 E
463 1281 476 1301 S
488 1280 510 1301 Τ
520 1281 542 1301 V
553 1281 581 1308 Β,
599 1284 625 1308 a,
644 1284 700 1302 um.
738 1274 799 1301 Adi.
835 1275 921 1307 [δῆλος
930 1295 938 1307 ,
950 1271 1060 1304 ἔκδηλος,
1074 1274 1213 1304 κατάδηλος,
1227 1275 1314 1311 σαιΦῇς,

253 1311 351 1346 marsei:
360 1333 369 1346 ,
381 1312 537 1347 καταφανὴς]
574 1312 665 1337 Clarus
677 1317 702 1336 et
715 1316 832 1345 apertus,
852 1309 926 1344 quast
935 1309 1058 1336 manibus
1072 1308 1218 1343 palpabilis.
1256 1307 1313 1333 Cic.

253 1349 331 1375 Verr.
342 1353 407 1380 2,181
430 1347 579 1373 Manifestis
594 1346 622 1372 in
637 1346 716 1373 rebus
730 1346 870 1372 hominem
884 1345 936 1377 iam
949 1345 1035 1371 teneri
1050 1343 1186 1371 videbitis.

254 1390 297 1411 tor
311 1383 463 1410 manifestus
502 1383 583 1410 Ouid.
592 1383 683 1409 Amor.
697 1391 716 1414 1,
729 1393 753 1415 4,
773 1391 809 1415 39.
883 1380 982 1407 Caedes
1007 1381 1098 1412 Liu.1,
1117 1382 1156 1407 26.

253 1421 404 1454 Ρ1·ορο11.3,
424 1428 455 1451 13,
477 1428 496 1450 3.
569 1419 654 1453 Culpa
689 1418 771 1445 Ouid.
785 1418 876 1444 Amor.
884 1426 906 1448 2,
914 1425 937 1450 2,
945 1426 981 1447 55.
1054 1417 1126 1442 Deus
1146 1415 1227 1442 1d.ex
1235 1416 1312 1442 Pont.

253 1466 271 1488 1,
292 1466 310 1489 1,
332 1458 369 1487 63.
441 1454 497 1486 Dii,
518 1463 575 1489 quos
583 1456 639 1488 fine
650 1462 745 1480 terrore
757 1461 800 1480 aut
812 1454 920 1489 periculo
931 1452 1019 1478 videre
1031 1451 1104 1477 licet.-
1117 1452 1173 1478 vid.
1181 1452 1265 1477 Burm.
1279 1452 1315 1476 acl

252 1491 310 1518 Val.
325 1492 406 1517 Flacc.
420 1500 427 1517 1
448 1500 475 1518 ν.
491 1499 542 1521 105.
616 1490 694 1516 Fides
730 1489 806 1524 Virg.
821 1490 886 1515 Aen.
899 1497 926 1521 2,
946 1497 1002 1522 309.
1074 1487 1186 1514 Furtum
1223 1486 1311 1512 Cicer.

251 1528 330 1554 Verr.
339 1535 361 1560 2,
376 1533 404 1559 48
426 1535 448 1553 c.
458 1536 500 1553 20.
572 1529 615 1554 Ira
629 1526 748 1552 numinis
783 1525 866 1552 Ouid.
879 1526 943 1551 Met.
956 1526 982 1555 6,
991 1533 1036 1556 313.
1250 1557 1254 1561 ἱ

250 1562 317 1589 ibid.
333 1572 358 1597 9,
377 1568 430 1594 482.
502 1562 603 1588 Literas
618 1561 768 1588 manifestas
782 1561 888 1595 quaeris
926 1559 983 1587 Cic.
999 1560 1104 1592 Verr.3‚
1120 1560 1170 1590 146.
1227 1558 1311 1584 Pietas

248 1598 331 1626 Ouid.
347 1597 378 1624 de
387 1599 450 1623 Arte
462 1598 521 1623 Am.
530 1606 551 1630 2,
563 1605 609 1630 321.
681 1596 922 1624 Manifestiffimum
935 1596 1022 1623 Scelus
1043 1594 1177 1628 Qtine‘fil.
1190 1593 1263 1620 Decl.
1276 1603 1310 1626 14.

249 1636 313 1668 Qto
327 1633 494 1660 manifestior
509 1633 585 1660 fieret
598 1633 729 1660 Securitas
751 1632 819 1660 Gell.
841 1653 847 1658 .
868 1653 874 1659 .
911 1632 989 1666 Signa
1004 1632 1066 1658 dare
1079 1631 1311 1663 Ouid.Met.5,468.

249 1670 368 1703 Vestigia
380 1675 454 1696 rotae
475 1668 514 1695 Id.
528 1669 595 1696 ibid.
605 1678 627 1702 2,
638 1678 680 1700 ¹33·
755 1668 923 1695 Manifestius
936 1668 971 1694 est
986 1676 1065 1703 quam
1078 1668 1114 1694 Vt
1141 1664 1251 1700 Qun&-
1260 1675 1279 1697 3,
1289 1672 1311 1695 8.

249 1705 420 1732 Manifestum
436 1706 522 1731 facere
559 1705 627 1732 Plin.
637 1705 717 1739 Epist.
731 1712 768 1737 3¹8
788 1714 809 1731 0.
822 1713 846 1737 41
865 1711 932 1730 extr.

249 1750 312 1767 cero
325 1750 372 1775 per
385 1741 493 1775 Sangam
513 1741 624 1767 consilio
643 1741 768 1775 cognito,
795 1740 887 1774 legatis
909 1739 1054 1775 praecipit,
1072 1745 1102 1766 vt
1115 1739 1231 1765 studium
1246 1746 1308 1764 con-

248 1777 392 1804 iurationis
412 1776 586 1803 vehementer
605 1776 744 1808 simulent,
762 1782 879 1802 caeteros
901 1775 1009 1809 adeant,
1029 1775 1097 1802 bene
1111 1775 1309 1810 polliceantur:

249 1813 363 1846 dentque
377 1821 502 1847 operam,
526 1813 566 1838 vti
580 1821 624 1839 eos
638 1813 833 1846 quammaxime
845 1812 1000 1838 manifestos
1013 1810 1145 1838 Habeant.
1199 1811 1307 1845 Negare

249 1849 388 1875 manifesta
415 1848 497 1875 Ouid.
513 1848 592 1882 Epist.
608 1858 631 1878 4.,
646 1858 664 1880 3.
736 1847 934 1875 ManifestaRcs
949 1848 984 1875 est
1022 1848 1104 1874 Plaut.
1119 1847 1196 1874 Most.
1204 1856 1225 1879 3,
1246 1856 1264 1881 1,
1283 1852 1306 1876 8.

1205 1200 1262 1226 Via.
1265 1198 1313 1234 sub

1231 1380 1314 1406 Causa

247 1885 337 1912 Cicer.
349 1886 427 1911 Verr.
441 1884 498 1912 Αᾶ.
512 1890 568 1916 1,.18
604 1884 744 1911 Eiusmodi
759 1893 810 1917 res,
830 1884 867 1910 ita
879 1890 953 1910 notas
963 1906 971 1918 ,
987 1883 1024 1910 ita
1032 1883 1154 1910 Testatas
1164 1904 1172 1917 ,
1203 1883 1239 1909 ita
1254 1891 1306 1908 ma.
1327 1887 1356 1912 45
1375 1879 1492 1906 delitatis
1511 1878 1619 1906 titulum
1638 1885 1814 1914 occupaturus
1826 1879 1921 1906 fuerat.

247 1930 308 1956 gnas
323 1941 331 1953 ‚
369 1921 407 1948 ita
435 1920 584 1947 manifestas
610 1921 745 1955 proferam
754 1941 763 1953 ,
784 1926 813 1946 vt
827 1939 835 1951 ,
860 1926 907 1947 etc.
982 1919 1138 1946 Manifestus
1158 1918 1308 1950 mendacii,

246 1964 290 1983 aut
303 1957 408 1984 sceleris
418 1977 425 1989 ,
450 1956 523 1982 Cuius
531 1956 613 1990 scelus
634 1964 677 1982 am
690 1957 844 1983 mendacium
857 1956 964 1981 omnibus
974 1956 1060 1990 palam
1073 1954 1108 1990 est
1125 1954 1206 1980 Plaut.
1219 1954 1305 1980 TruC.

247 2002 265 2024 1,
285 2002 307 2025 2,
326 2002 365 2024 30.
403 1992 502 2019 Sallust.
520 1991 678 2024 inIugurth.
695 2001 716 2017 c.
730 2000 756 2022 35
776 1993 810 2018 At
820 1990 948 2025 Iugurtha
960 1991 1113 2017 manifestus
1127 1989 1193 2017 tanti
1202 1989 1307 2016 sceleris

246 2037 300 2054 non
319 2028 394 2062 prius
407 2026 495 2052 omisit
509 2032 600 2051 contra
614 2034 710 2051 verum
721 2026 789 2057 niti,
808 2034 888 2058 quam
902 2026 1092 2051 animaduertit
1104 2027 1181 2058 super
1193 2026 1306 2059 gratiam

245 2070 322 2097 atquc
338 2061 477 2097 pecuniam
492 2061 562 2087 suam
576 2060 709 2086 inuidiam
724 2059 788 2085 faeti
802 2060 860 2085 ess'e.

244 2100 326 2125 tionis
339 2097 509 2132 manifestus,
527 2096 651 2128 etstmiles
665 2095 824 2130 loquutiones,
845 2093 935 2128 quibus
949 2092 1047 2127 quidem
1054 2093 1207 2126 frequenter
1220 2093 1307 2116 mitur

243 2135 333 2162 Tacit.
348 2142 377 2160 vt
385 2135 452 2161 Ann.
465 2144 489 2166 4,
497 2142 521 2165 53
557 2132 600 2159 Ne
614 2137 701 2158 tamen
715 2130 879 2163 offensionis,
901 2135 945 2156 aut
958 2134 1044 2154 metus
1057 2127 1212 2154 manifestus
1224 2127 1306 2153 foret.

243 2169 448 2197 Coniurationis
483 2168 557 2195 Idem
571 2167 680 2199 ibid.15‚
694 2169 737 2200 60,
751 2176 771 2199 3.
844 2164 944 2193 Delieti
981 2164 1055 2191 Idem
1069 2163 1170 2192 ibidem
1185 2172 1208 2196 2,
1227 2169 1266 2198 85,
1287 2173 1308 2196 3.

244 2208 319 2242 Qoa'
330 2206 438 2231 diximus
453 2203 623 2231 manifestum
637 2203 682 2237 cst}
703 2203 814 2228 manibus
826 2201 968 2236 palpabile,
986 2203 1022 2226 ad
1039 2208 1133 2235 etymon
1147 2199 1305 2234 respeximus.

249 2244 354 2269 Videtur
367 2241 498 2274 antiquum
512 2238 619 2271 Fendo,
643 2238 710 2263 cuius
728 2237 780 2262 vim
795 2237 927 2262 declarant
941 2235 1058 2262 Offendo
1070 2243 1094 2261 et
1106 2235 1245 2268 Defende,
1265 2236 1307 2261 ha·
1315 2243 1344 2266 55
1373 2231 1496 2258 mannuli
1511 2230 1646 2257 tacebunt-

246 2277 320 2312 buiffi
331 2276 497 2312 participium
509 2283 556 2300 non
569 2275 635 2300 modo
648 2273 755 2303 Fennis,
770 2271 818 2307 sed
829 2272 901 2297 etitim
908 2270 997 2296 Festus
1010 2281 1015 2296 :
1034 2272 1108 2306 idque
1119 2272 1248 2310 adeo-inde
1258 2272 1306 2297 col-

244 2314 320 2349 ligas,
339 2314 402 2354 quod
413 2312 477 2338 idem
490 2310 522 2347 est
533 2309 645 2338 Infestus
659 2316 683 2336 et
694 2308 815 2337 Infensus
830 2317 836 2334 ε
866 2307 905 2334 ita
919 2305 1066 2335 Sublestum
1084 2317 1100 2333 a
1114 2306 1226 2334 Sublmo
1241 2307 1307 2332 deri.

242 2357 289 2375 vat
305 2349 426 2383 Scnlzger.

280 2388 547 2412 MANIFESTE.
585 2382 653 2410 Adu.

691 2382 792 2416 [cciv-x,
806 2381 888 2413 σαφῶς
895 2398 903 2411 ‚
917 2379 1037 2413 Φανεριῖς,
1051 2379 1127 2413 {rasoris
1134 2398 1142 2411 ‚
1161 2380 1304 2409 κατάδηλον,

1235 1344 1311 1369 Ama·
1322 1348 1353 1373 30
1381 1340 1570 1375 Manipulatim
1579 1361 1588 1374 ‚

1110 1521 1211 1550 Libido
1238 1520 1312 1548 Idem
1332 1525 1360 1549 35
1379 1519 1476 1548 Festus.

1006 1703 1105 1730 Sallust.
1121 1703 1150 1729 in
1164 1702 1242 1729 Catil.
1263 1702 1308 1728 Ci-
1319 1708 1353 1732 4ο

934 2059 1075 2090 Vanitatis,
1096 2060 1202 2091 flagitii,
1220 2059 1305 2084 ambi·
1326 2066 1358 2086 50
1375 2065 1410 2082 na
1424 2059 1492 2083 turis
1504 2065 1567 2084 vna.

1775 214 1826 256 M
1883 210 2018 256 AN
2347 221 2425 264 204

1371 300 1440 330 Ter.
1455 301 1520 330 Eun.
1535 310 1563 338 4,
1578 312 1601 337 7,
1614 305 1630 331 6
1656 302 1731 331 Cedo
1748 302 1831 336 21105,
1852 302 1900 330 vbi
1915 303 2037 330 centurio
2056 304 2092 331 est
2112 297 2211 338 Sanga,
2239 305 2265 329 et
2277 299 2429 338 manipulus

1373 337 1482 365 furum?
1518 340 1536 366 i.
1562 340 1687 366 Militum.
1759 340 1911 374 Manipulos
1931 339 2049 366 militurn
2078 340 2204 366 minimas
2223 346 2325 371 manus,
2364 345 2431 372 quae

1373 381 1456 398 vnum
1469 375 1614 409 sequuntur
1627 375 1728 411 signum
1749 377 1826 403 Varr.
1840 375 1871 401 de
1885 376 1915 402 L.
1939 375 1968 401 L.
1989 386 2012 408 4,
2033 376 2067 402 16.
2140 377 2170 401 Et
2182 385 2204 408 5,
2225 381 2238 404 8
2263 375 2353 407 Qtum
2374 375 2434 400 iun-

1376 408 1415 442 git
1432 408 1518 448 plures
1532 420 1634 445 manus,
1655 411 1825 447 manipulus,
1844 411 1913 437 vnde
1925 410 2097 445 manipularis
2111 411 2198 444 miles,
2220 418 2265 436 etc.
2339 411 2432 436 Arma-

1374 450 1416 483 tos
1430 446 1578 478 manipulos
1599 448 1632 474 ad
1651 447 1721 483 signa
1743 453 1874 474 conuocat
1895 448 1992 474 Lucan.
2016 456 2033 479 1,
2052 448 2108 480 296.
2177 446 2303 474 Prostrati
2319 445 2433 480 manipli

1376 479 1420 506 Sll-
1443 488 1475 512 ¹7,
1494 481 1553 512 604-
1578 487 1583 493 “
1612 483 1789 518 oisteffique
1804 483 1882 510 duces
1903 482 2065 516 desolatique
2086 482 2198 518 manipli
2225 483 2301 516 Virg.
2319 483 2385 508 Aen.
2402 490 2434 514 11,

1377 522 1433 556 870.
1507 516 1627 554 Nlssnerus
1641 520 1782 555 Manipulo
1800 529 1847 546 non
1862 519 1943 554 magis
1959 518 2038 554 potest
2057 525 2136 544 certus
2154 517 2286 553 affignari,
2305 527 2377 552 quam
2392 518 2433 543 ho-

1375 553 1415 578 tl1e
1427 559 1584 586 companns,
1597 555 1750 587 tegimentis
1772 563 1816 582 etc.
1865 556 1991 581 Vitlendus
2004 553 2099 588 Lipsius
2111 556 2142 579 de
2162 556 2196 579 Re
2213 555 2266 580 mil.
2283 554 2326 579 lib.
2334 563 2355 580 2.
2400 555 2433 578 In

1377 588 1481 623 Legivne
1494 586 1612 621 florentis
1629 590 1689 624 reip.
1703 591 1765 626 sunt
1779 591 1904 618 cohortes
1924 591 1965 624 X,
1985 589 2090 616 Cohors
2104 598 2262 624 'unaquaeque
2273 589 2359 616 tribus
2381 598 2436 615 con-

1695 625 1700 631 ”
2140 627 2171 651 In
2184 625 2307 659 mam‘pulo
2320 624 2435 661 Hastam-

1377 668 1432 684 rum
1447 659 1509 694 sunt
1537 660 1609 685 CXX
1632 658 1735 692 milites,
1753 662 1781 687 in
1791 665 1860 689 binas
1868 662 1992 689 centurias
2003 661 2087 693 diuisi,
2106 661 2192 696 quibus
2205 661 2434 695 adium‘iiquadrw

1371 694 1435 729 geni
1448 695 1551 720 velites:
1578 694 1723 729 Principum
1741 698 1827 725 eadem.
1840 699 1921 725 ratio:
1948 697 2048 724 Triarii
2068 697 2200 723 dimidiato
2220 703 2318 721 tamum
2336 704 2433 722 numera

1376 730 1484 755 militum
1505 731 1607 756 totidem
1632 731 1720 756 velites
1747 731 1873 760 adium‘los
1892 735 1989 761 habent,
2070 733 2161 759 C0h0r5
2178 733 2262 766 itaque
2282 732 2343 757 talis
2362 732 2437 758 homi.

1376 774 1433 791 num
1455 767 1595 793 CCCCXX.
1612 773 1656 792 etc.

1416 808 1691 828 MANIPVLARi
1705 808 1738 835 s,
1757 802 1931 829 etincarmine
1945 809 2242 839 MAN1PLAR1S,
2268 801 2291 830 e'.
2312 803 2437 838 [λοχίτης]

1382 838 1460 872 Qod
1470 839 1506 863 aa'
1517 839 1671 873 manipulum
1681 838 1802 873 pertinet,
1825 840 1934 873 quodque
1951 843 1980 865 de
1997 842 2120 876 manipulo
2139 839 2181 876 est.
2219 839 2303 866 Plaut.
2324 839 2402 865 Most.
2419 848 2439 872 t,

1380 882 1401 905 3,
1423 882 1465 906 154
1494 873 1669 900 Conueniunt
1688 874 1881 909 manipulares,
1912 882 2000 901 eccos:
2035 876 2159 911 praedam
2177 875 2318 910 participes
2336 880 2439 909 petunt.

1380 908 1437 936 Cic.
1452 908 1483 934 ad
1497 909 1576 935 Attic.
1589 918 1614 942 9,
1628 918 1651 936 12
1669 911 1701 936 Et
1719 919 1761 936 me
1775 919 1828 937 vna
1843 909 1907 936 haec
1925 919 1966 936 res
1981 917 2096 945 torquet,
2116 913 2188 947 quod
2202 919 2259 937 non
2271 911 2396 938 omnibus
2409 910 2440 937 in

1379 943 1458 970 rebus
1472 944 1615 977 labentem,
1634 946 1678 972 vel
1691 946 1781 981 potius
1793 953 1916 976 ruentem
1935 947 2108 982 Pompeium,
2125 954 2251 981 tanquam
2267 956 2335 972 vnus
2354 947 2438 973 mani-

1449 1016 1452 1019 ·
1759 982 1838 1008 Miles
1851 982 1924 1009 Caes.
1941 982 1970 1009 Β.
1984 983 2016 1009 G.
2032 992 2055 1015 7,
2068 991 2108 1013 50.
2125 991 2148 1008 et
2171 983 2253 1010 Ouid.
2274 982 2340 1010 Fast.
2355 992 2377 1015 3,
2390 991 2439 1016 119.

1379 1016 1562 1050 Manipulares
1578 1016 1678 1044 iudices
1699 1018 1756 1044 Cic.
1770 1018 1885 1053 Philipp.
1902 1027 1922 1051 1,
1942 1027 1975 1044 20
1996 1028 2016 1045 e.
2033 1024 2056 1047 8.

1418 1058 1445 1078 M
1456 1059 1477 1078 A
1486 1059 1508 1078 N
1518 1059 1528 1077 1
1536 1059 1550 1078 Ρ
1561 1059 1581 1077 V
1592 1059 1608 1079 1.
1617 1059 1639 1078 A
1649 1060 1687 1079 Ri
1696 1061 1717 1079 v
1726 1061 1751 1086 s,
1770 1063 1795 1088 a,
1812 1063 1867 1080 um.
1905 1054 1964 1081 Adi.
2008 1053 2123 1080 Habitus
2133 1053 2334 1088 manipularius,
2353 1054 2437 1089 qualis

1380 1087 1414 1122 qs}
1421 1089 1598 1123 gregariorum
1611 1089 1639 1113 in
1651 1090 1917 1123 manipulismilitum.
1955 1092 2032 1125 Apud
2047 1091 2116 1117 Suet.
2130 1090 2158 1115 in
2172 1089 2256 1123 Calig.
2266 1100 2287 1116 c.
2299 1100 2314 1124 9
2334 1090 2442 1124 Caligu-

1381 1124 1421 1151 lae
1434 1133 1583 1158 cognomen
1604 1124 1724 1151 castrensi
1735 1125 1799 1151 ioco
1818 1125 1908 1161 traxit,
1927 1127 1992 1161 quia
2002 1125 2182 1160 manipulario
2196 1124 2288 1152 habitu
2302 1127 2373 1153 inter
2391 1125 2442 1153 mi-

1063 1164 1118 1191 Vbi
1132 1172 1246 1190 mamma
1259 1171 1312 1188 ma-
1335 1168 1363 1191 25
1381 1160 1441 1187 lites
1463 1160 1633 1187 educabatur.

1417 1203 1444 1223 M
1455 1203 1477 1223 A
1487 1205 1508 1224 N
1519 1204 1527 1222 1
1540 1204 1555 1223 i>
1568 1203 1589 1223 v
1604 1204 1621 1223 L
1633 1198 1656 1224 A
1666 1203 1689 1224 ‘r
1703 1203 1760 1224 1M.
1782 1197 1851 1224 Adu.
1872 1199 2000 1234 (nomam
2021 1199 2071 1224 Per
2081 1198 2226 1233 manipulos.
2263 1197 2344 1224 Plaut.
2353 1196 2442 1223 Pseud.

1381 1242 1400 1265 1,
1417 1242 1440 1265 2,
1455 1239 1484 1265 48
1504 1233 1694 1268 Manipulatim
1707 1233 1777 1259 mihi
1793 1233 1963 1268 munigeruli
1971 1233 2050 1260 facite
2066 1239 2127 1259 ante
2138 1233 2213 1259 aedes
2228 1233 2282 1259 iam
2295 1231 2338 1259 hic
2351 1232 2443 1260 adsint.

1381 1268 1441 1295 Liu.
1456 1275 1479 1304 8,
1492 1275 1506 1300 8
1526 1270 1557 1296 Et
1571 1269 1643 1303 quod
1658 1275 1734 1296 antea
1750 1268 1890 1304 phalanges
1902 1269 1998 1297 similes
2011 1268 2207 1301 Macedonicis,
2226 1268 2277 1295 hoc
2291 1269 2380 1304 postea
2387 1276 2443 1294 ma-

1380 1304 1523 1339 nipulatim
1537 1305 1634 1332 011υᾶ21
1647 1305 1715 1332 acies
1728 1306 1817 1340 coepit
1831 1306 1888 1333 esse.
1961 1308 2030 1332 Add.
2045 1305 2082 1332 Id.
2096 1314 2118 1338 2,
2132 1315 2166 1339 53.
2201 1305 2271 1331 Tac.
2285 1306 2320 1340 l-s.
2337 1315 2356 1338 1,
2369 1311 2409 1337 82,
2421 1313 2444 1336 5.

1628 1341 1730 1367 ΟοΙίεέῖα
1761 1352 1846 1368 manu.
1923 1341 2004 1369 Sisen.
2030 1341 2098 1369 Hist.
2127 1350 2138 1372 3
2167 1341 2359 1375 Requiescendi
2389 1342 2444 1374 spa-

1381 1377 1448 1403 tium
1473 1377 1559 1405 112ῤῖ1,
1584 1376 1771 1404 condensiores
1791 1377 1978 1414 manipulatim
1998 1377 2116 1405 resistere
2134 1376 2255 1404 hostibus
2275 1376 2444 1403 instituissent

1379 1415 1448 1448 apud
1466 1413 1539 1439 Non.
1552 1422 1575 1445 2,
1591 1416 1642 1444 561.

1417 1455 1474 1475 MA
1486 1455 1507 1474 Ν
1523 1455 1561 1475 iv
1571 1455 1594 1476 s.
1615 1449 1738 1487 [Μάνιος]
1758 1450 1913 1476 Praenomen
1927 1449 2030 1477 ditiium
2044 1448 2079 1475 est
2093 1448 2126 1475 ab
2141 1457 2184 1481 eo,
2204 1449 2276 1483 quod
2289 1457 2367 1475 mane
2382 1447 2444 1483 quis

1379 1483 1461 1510 initio
1475 1490 1550 1511 natus
1563 1485 1604 1520 sit,
1626 1491 1657 1512 vt
1669 1486 1766 1512 Lucius
1781 1485 1828 1519 qui
1842 1485 1908 1511 luce.
1980 1487 2068 1512 Varro
2082 1484 2114 1511 de
2127 1485 2156 1512 L.
2172 1485 2201 1511 L.
2217 1491 2242 1516 8,
2255 1492 2282 1517 38
2303 1494 2328 1519 p.
2343 1494 2391 1518 113,
2412 1493 2443 1511 11.

1549 1522 1610 1546 Alii
1628 1522 1715 1547 ominis
1727 1522 1809 1556 causa,
1830 1521 1903 1555 qucfi
1912 1521 1991 1554 bonos,
2008 1521 2084 1547 a‘ii‘ios
2093 1522 2191 1556 volunt,
2203 1524 2267 1555 quod
2273 1529 2385 1547 manum
2397 1529 2442 1546 an-

1379 1555 1446 1590 tiqui
1458 1556 1544 1582 bonum
1559 1557 1688 1583 vocabant.
1763 1558 1891 1583 Scribitur
1904 1558 1946 1583 hoc
1963 1566 2049 1583 nomen
2067 1556 2106 1582 ita
2123 1557 2173 1589 Μ’,
2198 1565 2228 1582 vt
2240 1557 2412 1591 distinguatur
2425 1565 2443 1582 a

1380 1592 1478 1617 Marco.
1527 1592 1584 1618 Vid.
1606 1594 1698 1627 Spano.
1711 1595 1741 1619 de
1758 1593 1807 1628 Vsu
1826 1593 1948 1628 Numism.
1962 1595 1990 1618 di
2014 1614 2020 1620 .
2041 1602 2070 1619 10
2091 1601 2116 1627 p.
2136 1595 2175 1619 26.
2248 1593 2356 1619 Manius
2371 1592 2444 1618 Mar-

1377 1627 1433 1666 cius
1446 1627 1547 1653 Aedilis
1563 1627 1648 1662 plebis
1662 1629 1782 1663 primum
1796 1629 2077 1664 frumentumpopulo
2090 1630 2122 1654 in
2134 1628 2240 1655 modios
2254 1627 2345 1656 ambus
2360 1627 2443 1654 dona-

1376 1669 1427 1697 vit,
1447 1669 1476 1689 vt
1489 1664 1581 1690 scribit
1593 1665 1661 1692 Plin.
1678 1671 1712 1698 18,
1725 1675 1746 1698 3.
2018 1677 2021 1680 ¹

1411 1706 1438 1725 M
1449 1705 1470 1726 A
1481 1707 1502 1726 N
1514 1706 1530 1725 1.
1541 1707 1551 1726 1
1562 1707 1583 1726 A
1594 1707 1616 1726 N
1629 1708 1649 1726 v
1659 1708 1695 1728 M.
1738 1700 1802 1727 Villa
1826 1700 1970 1728 Ciceronis
1986 1702 2040 1735 Q.
2052 1701 2136 1728 Fratr.
2158 1711 2179 1734 1,
2193 1711 2211 1734 1,
2226 1710 2247 1734 3.

1411 1742 1438 1761 M
1448 1742 1469 1762 Α
1482 1742 1504 1761 Ν
1518 1742 1535 1761 L
1547 1743 1557 1762 1
1571 1742 1594 1762 A
1617 1737 1683 1762 Gens
1689 1738 1777 1762 Romae
1790 1735 1954 1769 nobillffima:
1974 1740 2002 1762 in
2012 1737 2102 1771 primis
2114 1747 2166 1763 eam
2173 1736 2316 1764 nobilitaeut‘t
2324 1736 2443 1764 Manlius
2454 1752 2457 1761 ι

1376 1771 1546 1806 Capitolinus
1555 1793 1564 1806 ‚
1582 1773 1609 1798 ob
1620 1771 1747 1807 defensum
1762 1772 1914 1807 Capitolium
1928 1772 2019 1804 dinus,
2037 1774 2068 1797 de
2080 1781 2126 1806 quo
2138 1774 2193 1799 vid.
2207 1773 2272 1800 Plin.
2287 1782 2311 1807 7,
2324 1779 2362 1803 28.
2382 1773 2441 1799 itm

1376 1807 1416 1834 T.
1431 1807 1547 1834 Manlius
1561 1808 1731 1842 Torquatus,
1754 1814 1907 1842 cognomento
1928 1807 2100 1842 Imperiosus,
2119 1808 2192 1841 quod
2203 1808 2341 1834 saeuiffimi
2354 1817 2442 1834 exem-

1375 1843 1414 1878 pli
1429 1842 1524 1870 2116101·
1530 1843 1615 1878 securi
1624 1844 1735 1879 percuſjb
1741 1845 1809 1877 filio,
1827 1844 1871 1878 qui
1883 1843 1976 1878 iniuſjia
1988 1842 2102 1878 pugnans
2116 1843 2224 1874 vicerat,
2243 1843 2374 1878 insignem
2381 1853 2439 1870 cru-

1524 1879 1528 1883 '
1996 1881 2082 1912 Atque
2101 1878 2165 1905 inde
2186 1879 2302 1914 imperia
2327 1887 2353 1906 M
2365 1886 2389 1906 A
2401 1886 2440 1906 N-

1375 1921 1494 1942 L1ANA
1510 1915 1590 1942 dicta.
1633 1917 1689 1943 Vid.
1702 1915 1772 1943 Gell.
1788 1924 1812 1949 9,
1827 1925 1859 1949 ¹3·
1898 1914 1955 1942 Cic.
1971 1913 2003 1941 de
2022 1914 2082 1941 Fin.
2104 1923 2127 1948 2,
2145 1923 2198 1946 105.
2271 1915 2334 1941 Liu.
2354 1924 2381 1949 4,
2399 1923 2440 1950 29.

1372 1950 1446 1977 Idem
1467 1957 1490 1983 8,
1504 1960 1527 1983 7.
1546 1958 1570 1976 et
1582 1951 1654 1976 alibi.

1411 1993 1438 2013 M
1450 1993 1503 2013 AN
1515 1992 1538 2012 Ν
1550 1993 1589 2017 Α,
1609 1994 1648 2013 20.
1669 1987 1689 2012 f.
1727 1986 1800 2013 Mt'm
1811 1987 1885 2013 turis.
1924 1986 1993 2013 Plin.
2009 1995 2041 2018 12,
2055 1996 2080 2018 14
2100 1987 2118 2013 s.
2133 1995 2160 2018 32
2179 1989 2207 2012 in
2220 1986 2384 2022 dffiripthne
2398 1993 2439 2014 tu-

1373 2025 1421 2055 ris,
1443 2023 1526 2049 Micas
1542 2023 1665 2049 concussu
1685 2021 1760 2048 elisas
1783 2031 1910 2049 mannam
1930 2031 2066 2049 vocamus.
2137 2022 2176 2048 Id.
2189 2031 2230 2055 29,
2243 2025 2258 2048 6
2281 2023 2298 2048 s.
2315 2027 2342 2054 38
2361 2023 2438 2049 Man-

1623 2060 1695 2084 Add.
1716 2057 1839 2084 Sci-ibon.
1861 2064 1896 2088 8¹·
1968 2060 2037 2087 Hae-e
2057 2059 2142 2092 itaque
2153 2059 2229 2093 plane
2242 2058 2343 2093 diumsa
2354 2059 2385 2084 ab
2398 2068 2437 2093 ea,

1374 2098 1448 2122 quam
1471 2092 1599 2116 Mannum
1617 2093 1690 2117 hodie
1713 2093 1820 2122 officinae
1844 2101 1944 2119 vocant.
2010 2094 2068 2120 Vid.
2088 2095 2156 2122 Cael,
2179 2103 2220 2126 13,
2239 2095 2278 2124 56.
2341 2094 2437 2130 Reines.

1379 2125 1406 2150 V.
1427 2124 1455 2150 L.
1475 2133 1496 2154 2,
1512 2130 1544 2155 ¹8-
1744 2135 1757 2151 2
1776 2129 1816 2151 De
1823 2127 1918 2161 caelcsti
1938 2129 2047 2161 Manna,
2064 2137 2109 2162 quo
2121 2128 2439 2164 ffraHitaesustentaban-

1373 2166 1426 2194 tur,
1446 2160 1501 2188 vid.
1517 2160 1638 2200 Tegtull.
1654 2160 1686 2187 de
1723 2161 1858 2188 arneChr.
1876 2171 1899 2189 c.
1913 2164 1938 2189 6.

1410 2202 1503 2222 MAN
1518 2203 1541 2221 N
1553 2202 1599 2222 vr.
1611 2203 1631 2222 v
1646 2203 1679 2230 s,
1704 2197 1723 2222 i.
1751 2206 1787 2236 111.
1859 2197 1977 2225 Martial.
2001 2207 2041 2230 12,
2060 2207 2089 2230 24
2115 2198 2257 2233 Nusquam
2276 2199 2313 2226 est
2332 2199 2435 2234 mulio,

1487 2266 1492 2271 η
1717 2231 1786 2258 Ρ1111.
1801 2232 1880 2265 Epist.
1895 2244 1919 2266 4,
1932 2243 1955 2266 2,
1968 2243 1979 2265 3
1999 2233 2120 2260 Habebat
2134 2244 2202 2268 puer
2209 2234 2351 2271 mannulos
2363 2235 2432 2260 mul-

1373 2274 1425 2300 tos,
1446 2272 1472 2293 et
1485 2266 1592 2293 iunctos
1606 2272 1632 2292 et
1645 2267 1759 2293 solutos:
1778 2267 1892 2294 habebat
1907 2277 1983 2294 canes
2004 2269 2120 2295 maiores
2132 2270 2314 2304 minoresque.
2386 2270 2432 2296 Di-

1374 2303 1411 2330 eti
1425 2303 1486 2329 sunt
1498 2310 1587 2329 autem
1602 2302 1737 2333 Mannum,
1750 2303 1816 2336 fiue,
1835 2311 1865 2329 vt
1879 2303 1912 2339 est
1924 2306 1991 2339 apud
2005 2304 2073 2331 Hor.
2094 2305 2182 2332 Carm.
2194 2315 2216 2338 3,
2232 2314 2275 2339 27,
2294 2315 2307 2339 7
2327 2305 2449 2342 Mauris

1373 2338 1445 2374 quod
1459 2338 1661 2365 mansuetudine
1675 2348 1784 2366 manum
1799 2339 1951 2373 sequantur,
1971 2347 2001 2365 vt
2019 2340 2054 2365 ibi
2067 2341 2149 2374 inquit
2175 2342 2275 2368 Acron.

1408 2383 1435 2402 M
1445 2381 1467 2402 A
1478 2382 1501 2401 Ν
1510 2382 1534 2401 Ν
1544 2382 1568 2402 .V
1580 2381 1593 2401 S
1602 2393 1611 2406 ,
1630 2375 1649 2402 i.
1669 2384 1705 2402 m.
1745 2377 1872 2401 Paruulus
1884 2385 1958 2410 equus
1967 2375 2084 2410 Mannis,
2103 2377 2228 2410 [βεριχσις
2243 2378 2327 2403 Vetus
2335 2375 2433 2412 Gloffi]

243 2420 428 2454 ᾰποφααμένως]
467 2421 571 2452 Palam,
589 2418 724 2454 perspicue,
744 2419 829 2451 clare,
850 2425 897 2442 non
910 2415 1014 2451 obscure.
1052 2415 1109 2442 Cic.
1122 2415 1151 2441 in
1159 2415 1236 2441 Catil.
1256 2423 1276 2448 3,
1290 2413 1350 2446 460
1374 2410 1591 2438 Dicunturburdi
1610 2417 1636 2436 et
1651 2410 1803 2443 burdones,
1822 2410 1853 2436 it.
1868 2409 1976 2437 burichi
1997 2418 2036 2446 ap.
2056 2413 2115 2438 Vet.
2135 2412 2221 2440 Schol.
2242 2413 2337 2439 Horat.
2358 2409 2366 2413 “
2380 2413 2434 2440 D'e-

242 2458 296 2491 Vt,
317 2455 388 2490 quod
403 2461 456 2482 erat
470 2455 676 2486 difficillimum,
698 2453 824 2488 quodque
843 2461 892 2486 ego
909 2452 1011 2486 semper
1024 2451 1149 2486 optabam
1162 2460 1176 2477 a
1189 2451 1241 2477 diis
1255 2450 1303 2476 im-

243 2491 418 2524 mortalibus,
438 2497 493 2518 tota
512 2500 554 2517 res
570 2500 624 2517 non
638 2490 725 2517 solum
738 2500 751 2516 a
764 2498 824 2523 me,
845 2488 888 2515 sed
907 2487 987 2514 etiam
1001 2496 1016 2513 a
1031 2488 1135 2521 Senatu,
1156 2494 1182 2514 et
1195 2496 1209 2514 a
1223 2486 1304 2512 vobis

243 2527 381 2554 manifeste
397 2526 650 2562 deprehenderetur.
671 2528 735 2552 adde
748 2535 770 2559 3,
786 2535 808 2559 17
831 2534 880 2551 0.11
903 2531 926 2550 et
938 2531 981 2558 pra
993 2523 1076 2550 Flacc.
1087 2526 1126 2553 63.
1183 2522 1304 2550 Prodesse

243 2563 381 2590 manifeste
408 2563 528 2590 Scribon.
542 2564 587 2599 Ep.
610 2582 617 2588 .
638 2582 645 2589 .
698 2564 811 2597 Compar.
824 2560 915 2588 Tacit.
924 2559 991 2586 Hist.
1001 2570 1024 2593 4,
1043 2568 1079 2593 23,
1099 2569 1120 2585 2.
1145 2567 1170 2585 et
1184 2569 1203 2591 1,
1224 2565 1263 2592 853,
1284 2568 1305 2590 3.

245 2601 322 2634 Virg.
335 2600 400 2626 Aen.
415 2606 437 2633 Β,
462 2601 495 2626 16.

243 2645 267 2671 p.
282 2639 330 2669 316.
351 2638 382 2662 it.
398 2635 532 2670 Augustin.
548 2634 629 2662 Conf.
643 2643 676 2668 12,
695 2642 730 2668 17.

281 2678 385 2698 111ΑΝ1
400 2678 417 2698 r
431 2678 447 2698 E
460 2678 473 2698 s
486 2678 507 2697 'r
520 2677 549 2698 o.
587 2670 653 2697 Adu.
690 2668 839 2704 [ὰμφαδὲυ]

244 2709 336 2741 ann
349 2707 488 2734 manifesto
502 2715 636 2734 venenum
650 2705 869 2741 deprehendiss'et,
880 2712 924 2730 etc.

243 2745 261 2770 i.
276 2744 365 2769 Palam
395 2743 476 2769 Plaut.
491 2743 559 2769 Asin.
572 2752 592 2775 3.
610 2752 633 2776 2,
654 2751 689 2774 23.
763 2741 820 2768 Cic.
843 2749 891 2775 pro
905 2740 1008 2767 Cluent.
1025 2749 1054 2774 42
1074 2749 1094 2766 c.
1104 2750 1128 2771 14
1166 2741 1304 2775 Exponam

244 2778 321 2807 vobis
336 2778 477 2813 Oppianici
493 2779 594 2805 facinus
609 2777 750 2805 manifesto
762 2784 929 2812 compertum
949 2782 1028 2810 atque
1047 2775 1250 2810 deprehensum.

280 2821 306 2841 Μ
316 2821 337 2841 A
350 2821 373 2841 N
386 2821 421 2841 11³
432 2822 448 2841 E
458 2821 471 2841 S
481 2821 502 2841 Τ
514 2821 536 2841 A
545 2821 563 2841 R
573 2821 582 2840 l
593 2821 613 2840 V
624 2821 636 2840 S
645 2835 652 2847 ,
674 2823 687 2840 a
696 2834 704 2847 ‚
731 2823 785 2840 um.
823 2813 882 2840 Adi.
921 2811 1111 2845 [toambuam
1138 2811 1302 2845 2nq63«nruc‚

242 2849 405 2885 Ιυσῦνοπτος]
443 2852 508 2876 Idem
522 2852 588 2886 quod
598 2849 759 2885 Manifestus.
800 2850 875 2886 Qud
885 2849 960 2881 vulgo
974 2847 1095 2873 notorium
1108 2849 1211 2874 dicitur.
1248 2847 1303 2873 Ma-

246 2886 381 2913 nifestaria
401 2887 450 2913 Res
473 2886 509 2913 est
546 2886 627 2913 Plaut.
642 2885 701 2913 Mil.
714 2895 737 2918 2,
758 2895 780 2919 5,
800 2894 835 2918 34.
908 2883 982 2911 Idem
996 2882 1055 2909 Aul.
1068 2891 1088 2915 3,
1108 2893 1131 2916 4,
1153 2893 1180 2910 10
1218 2882 1304 2917 Capio

242 2922 347 2954 fustem,
368 2921 499 2948 obtrunco
512 2922 611 2956 gallum
624 2923 722 2948 Furem
737 2920 957 2948 manifestarium.
995 2918 1171 2946 Soloecismus
1179 2918 1302 2951 Gell.1‚7.

242 2958 417 2985 Plaut.Trin.
431 2968 453 2990 4,
467 2966 488 2990 2,
502 2967 535 2988 50
561 2958 661 2984 Teneo
675 2957 744 2984 1111110
758 2956 984 2990 manifestarium,
1004 2964 1048 2982 1110
1063 2954 1110 2982 sibi
1125 2955 1246 2990 epistolas
1259 2954 1301 2980 de·
1314 2960 1341 2984 75

241 2993 305 3020 disl'e
319 2993 401 3030 dit-it,
422 2992 511 3020 ludam
530 2993 669 3019 hominem
684 2993 776 3027 probe.

281 3035 335 3055 MA
348 3035 369 3056 N
383 3036 393 3055 1
405 3036 448 3056 PE
459 3036 471 3055 S
481 3035 502 3056 T
513 3034 533 3055 O
544 3049 551 3061 ‚
571 3033 624 3055 are.
661 3029 827 3065 Manifestum
840 3029 941 3062 facere.
978 3027 1070 3054 lustin.
1084 3036 1124 3059 41,
1145 3035 1153 3051 1
1163 3045 1170 3058 ,
1191 3034 1203 3051 2
1242 3025 1301 3051 Hoc

243 3066 362 3100 ipsorum
378 3064 509 3092 vocabulo
522 3063 713 3092 manifestatur.
785 3065 869 3092 Ouid.
878 3066 943 3092 Met.
958 3073 990 3099 13,
1004 3065 1049 3090 106
1085 3061 1192 3090 Insidias
1207 3061 1302 3096 prodet

243 3101 475 3135 manifestabitque
494 3100 628 3127 latentem.

876 2669 952 2695 Idem.
988 2667 1075 2694 Cicer.
1093 2677 1143 2703 pro
1159 2667 1263 2694 Cluent.
1272 2676 1302 2693 20

996 2703 1140 2731 Manifesto
1153 2703 1303 2736 verberari,

280 3144 334 3163 MA
347 3144 368 3163 N
382 3143 417 3164 1p
427 3143 466 3164 Es
476 3143 560 3164 TA‘r
570 3143 591 3162 v
601 3143 630 3170 s,
651 3145 681 3170 a,
701 3144 756 3162 um.
793 3135 886 3161 Panic.
922 3135 1001 3170 Vulg.
1022 3137 1120 3170 Interp.
1141 3135 1220 3161 Rom.
1233 3143 1254 3168 ς,
1268 3142 1302 3160 21.
1312 3135 1345 3160 80
1371 3130 1459 3165 palato
1481 3131 1564 3159 Ouid.
1585 3131 1649 3158 Met.
1664 3141 1685 3164 3,
1698 3138 1734 3163 85.

243 3183 251 3199 1
265 3174 331 3200 Petr.
341 3183 360 3206 1,
371 3183 411 3200 20.
447 3182 454 3199 1
468 3172 585 3206 Ιο11.1,2.

281 3216 303 3234 M
313 3216 332 3234 A
343 3216 365 3235 N
376 3216 385 3235 1
397 3215 415 3235 1·-
427 3215 442 3234 E
452 3215 464 3234 s
477 3214 499 3235 Τ
512 3214 533 3233 A
546 3215 567 3235 T
580 3215 590 3235 1
603 3214 639 3242 0,
657 3207 727 3234 onis.
764 3207 784 3233 f.
820 3206 890 3240 Sulp.
904 3206 993 3232 Seuer.
1012 3207 1132 3239 Dial.;‚4.
1158 3206 1301 3232 GloffiVet.

245 3243 301 3269 Lat.
321 3246 368 3271 Gr.
390 3249 530 3277 φανέρωσις,
549 3247 731 3277 &nisyon-olum.
758 3242 896 3277 Augustin.
913 3242 943 3268 C,
956 3242 988 3267 D.
1002 3250 1042 3275 20,
1063 3252 1102 3274 30.
1138 3250 1161 3268 et
1178 3241 1300 3268 Ambros.

245 3279 328 3305 Serui.
345 3287 368 3310 ¹8
389 3280 421 3307 de
434 3281 534 3315 Temp-

281 3320 307 3340 Μ
319 3321 339 3339 A
350 3321 372 3340 N
383 3322 391 3340 1
403 3322 420 3341 F
434 3323 450 3342 E
461 3322 473 3349 s
485 3322 508 3342 T
519 3322 541 3342 A
550 3321 572 3342 'r
581 3321 600 3342 ο
609 3321 644 3348 R,
665 3314 728 3341 oris.
750 3323 785 3341 m.
821 3313 896 3340 Non.
909 3322 927 3346 1,
942 3314 972 3345 46
993 3312 1081 3339 Huius
1094 3313 1134 3339 rei
1151 3314 1300 3340 manifesta·
1311 3317 1339 3343 85

244 3357 287 3376 tor
301 3349 336 3376 est
350 3349 496 3379 LucretiuS.

280 3393 304 3411 M
316 3391 335 3411 A
346 3392 367 3411 N
381 3393 388 3411 1
404 3392 420 3412 F
431 3393 449 3411 o
460 3394 475 3413 1.
487 3394 496 3414 1
509 3393 531 3414 v
544 3393 584 3420 M,
609 3386 627 3413 i.
649 3395 675 3412 n.
713 3386 812 3411 Herbae
824 3393 907 3411 nomen
919 3385 988 3419 apud
1001 3384 1079 3418 Apul.
1094 3384 1125 3411 de
1133 3383 1247 3410 Herb.c.
1263 3387 1301 3414 36.

280 3428 304 3447 M
316 3427 335 3446 A
347 3427 370 3446 N
382 3428 391 3447 1
406 3427 423 3447 L
436 3428 444 3447 1
455 3428 484 3447 A.
522 3424 586 3449 Gens
602 3421 700 3457 plebeia
714 3422 817 3453 Romae,
837 3430 850 3446 e
869 3430 918 3454 qun
937 3419 976 3445 ille
988 3420 1072 3445 auz‘lor
1085 3420 1163 3454 Legis
1174 3420 1302 3446 Maniliae

242 3464 288 3493 pro
302 3466 349 3491 qua
361 3457 430 3482 dixit
438 3457 545 3483 Cicero.
554 3459 726 3490 cunfunditur
739 3465 791 3482 cum
800 3462 959 3485 MAM1L1A,
972 3462 1002 3481 vt
1008 3463 1031 3481 et
1039 3465 1091 3481 cum
1100 3462 1194 3482 MANL
1202 3462 1303 3481 Μαι-,11.

282 3499 306 3518 M
317 3499 338 3518 A
349 3498 370 3518 N
384 3499 393 3518 1
409 3499 424 3519 P
435 3500 455 3519 v
465 3500 481 3519 1.
491 3499 511 3518 V
521 3500 544 3526 s,
564 3495 625 3519 etin
638 3492 712 3524 versu
726 3497 902 3518 MANHLvs
913 3511 921 3523 ,
939 3491 957 3517 i.
978 3500 1014 3518 m.
1051 3490 1207 3525 [χερόὲολον.
1224 3489 1301 3521 duaa·
1314 3500 1347 3525 90
1370 3492 1410 3517 vit
1424 3499 1480 3517 non
1491 3490 1575 3517 solum
1589 3499 1637 3525 per
1651 3490 1763 3522 Italiam,
1779 3490 1818 3515 sed
1840 3490 1920 3516 etiam
1939 3490 2097 3517 transcendit
2118 3490 2205 3525 Alpes.

244 3529 293 3562 az]
331 3531 356 3554 A
368 3529 449 3555 Manu
458 3530 492 3564 fit
506 3539 513 3552 :
533 3536 556 3554 et
566 3530 665 3563 proprie
670 3523 799 3564 significat
806 3526 967 3562 Ihfiiculum,
981 3536 1049 3560 quem
1060 3536 1134 3552 manu
1150 3529 1206 3561 quis
1217 3533 1303 3561 appre-

246 3564 333 3589 hendit
346 3566 461 3590 merendo.
498 3564 565 3590 Plin.
582 3570 616 3596 18,
637 3570 673 3593 28.
735 3562 866 3590 Columcl.
879 3571 907 3595 n,
929 3571 941 3588 2
979 3562 1068 3588 Bonus
1081 3562 1218 3596 operarius
1234 3561 1303 3596 prati

246 3599 368 3633 iugerum
389 3599 504 3633 desecat,
525 3609 573 3626 nec
594 3599 682 3625 minus
703 3599 777 3625 mille
795 3599 922 3626 ducentos
942 3598 1092 3632 manipulos
1107 3607 1173 3624 vnus
1186 3597 1303 3632 obligat,

247 3635 293 3668 qui
310 3634 358 3661 sint
373 3634 466 3669 singuli
480 3642 668 3669 quaternarum
682 3634 820 3662 librarum.
855 3634 912 3661 Vid.
925 3635 1026 3660 eundem
1041 3642 1062 3665 2,
1085 3642 1121 3666 ¹9-
1140 3641 1163 3659 et
1177 3635 1253 3660 Varr.
1270 3633 1302 3660 de

246 3670 342 3703 R.R.1,
355 3679 391 3702 41>
406 3677 429 3695 et
443 3680 484 3700 50.
521 3671 613 3698 Ifidor.
628 3680 653 3704 9,
667 3679 686 3702 3.

239 3706 330 3740 ,potest
366 3706 433 3732 Cels.
449 3715 476 3739 5,
497 3716 533 3738 25.
554 3716 621 3741 quem
634 3713 716 3732 tamen
737 3707 813 3731 lot-um
828 3708 963 3740 Jlssorpagn.
978 3711 1060 3731 tentat
1080 3705 1175 3740 Epist·
1190 3715 1219 3730 111
1233 3705 1301 3731 Cels.

245 3741 361 3768 Filicum
372 3741 495 3775 manipli,
513 3749 558 3777 pro
567 3741 698 3777 Manipuli
735 3741 938 3776 Virgil.Georg.
950 3750 970 3773 3,
991 3750 1045 3775 ²97·
1246 3738 1267 3779 ff
1288 3749 1300 3766 2

244 3777 407 3812 Mamurius,
428 3777 538 3812 [Λὸχος]
559 3778 658 3812 Exigua
673 3777 780 3802 militum
793 3787 888 3808 munus,
910 3787 972 3812 quae
983 3786 1059 3802 vnum
1068 3775 1305 3811 sequiturfiqnmn.

246 3815 310 3839 Fra!
323 3814 387 3839 enim
400 3819 461 3848 pars
475 3815 600 3839 centuriae
613 3824 619 3836 :
640 3813 677 3838 ita
690 3812 772 3845 dina,
793 3815 859 3847 quod
869 3813 968 3838 anulo
982 3813 1060 3838 adhuc
1071 3818 1177 3846 paupere
1186 3832 1194 3844 ‚
1216 3814 1302 3838 Roma.

246 3859 290 3874 nus
304 3849 427 3875 exercitus
441 3848 591 3882 manipulos
604 3848 680 3875 foeni
696 3847 772 3883 bustis
784 3847 911 3882 alligatos„
949 3858 975 3874 νο
987 3848 1069 3883 signis
1084 3847 1195 3881 gerebat.

246 3886 340 3911 Donat.
359 3886 394 3910 ad
407 3884 476 3910 Ter.
491 3884 557 3910 Eun.
572 3895 596 3916 4,
614 3895 637 3917 4,
655 3887 681 3911 6.
720 3883 790 3916 (fans.
806 3885 869 3909 Aur.
883 3856 980 3910 Vici'or
994 3882 1026 3909 de
1041 3883 1116 3917 Orig.
1128 3882 1213 3916 gentis
1221 3883 1298 3910 Rom.

246 3928 282 3952 22,
299 3933 322 3950 4.
393 3919 473 3946 Ouid.
484 3920 548 3945 Fast.
559 3928 578 3951 3,
600 3929 635 3952 1¹9
674 3919 774 3945 Portica
788 3919 920 3953 suspensos
935 3919 1056 3953 portabat
1068 3918 1300 3953 longamaniplos:

247 3955 325 3980 Vnde
335 3955 494 3990 «maniplaris
509 3955 618 3981 nomina
633 3955 708 3981 miles
722 3953 808 3980 habet.
847 3955 968 3988 Vegem,
990 3964 1010 3987 ¹3
1025 3955 1118 3989 scribit
1132 3954 1299 3988 Manipulum

246 3990 334 4015 vocari
351 3991 565 4018 Contubernium
588 3991 678 4017 decem
698 3990 883 4016 tantummodo
903 3990 1020 4017 militum
1034 3989 1081 4016 sub
1096 3999 1151 4016 vno
1166 3989 1300 4024 papilione

569 2599 667 2634 Superl,
685 2598 801 2625 Hieron.
816 2596 895 2632 Epist.
911 2604 940 2629 59
960 2605 1026 2623 c,21.
1047 2602 1072 2622 et
1088 2595 1167 2630 Apul.
1189 2595 1304 2630 Apolog.
1313 2593 1343 2622 65
1373 2593 1443 2633 fidus
1460 2593 1487 2618 in
1498 2592 1589 2628 primis
1607 2600 1684 2618 motus
1705 2592 1856 2626 liquidorum
1875 2598 1900 2616 et
1912 2591 2070 2617 continuatus
2081 2591 2218 2618 indicatur.

758 3669 927 3705 Manipulus,
945 3669 991 3704 qui
1011 3678 1090 3695 manu
1110 3669 1301 3709 comprehendi
1323 3678 1352 3703 95

1372 2447 1439 2474 tonsi
1448 2447 1541 2473 manni
1561 2448 1680 2482 Propert.
1701 2457 1725 2480 4,
1744 2452 1767 2478 8,
1783 2455 1814 2477 15.
1856 2446 1997 2481 Impositus
2017 2447 2123 2473 mannis
2142 2449 2212 2479 Hor,-
2230 2449 2310 2483 Epist.
2324 2459 2342 2482 1,
2356 2459 2381 2484 7,
2393 2458 2432 2482 77.

1371 2486 1442 2511 Ado.
1456 2484 1494 2510 Id.
1508 2483 1589 2518 Epod.
1605 2494 1629 2516 4,
1649 2493 1681 2517 14.
1699 2490 1725 2509 et
1738 2484 1826 2510 Carm.
1838 2492 1861 2517 3,
1873 2491 1910 2516 27,
1924 2491 1947 2515 7.
1968 2485 2001 2508 it.
2016 2482 2152 2510 Petromc.
2170 2492 2208 2516 45.
2244 2485 2338 2512 Currit
2352 2493 2432 2520 agens

1371 2528 1484 2547 mannos
1496 2520 1529 2546 ad
1542 2519 1635 2546 villam
1656 2519 1763 2546 Luci-et.
1782 2529 1804 2552 3,
1820 2520 1889 2551 1076.

1409 2563 1434 2582 M
1447 2563 1470 2583 A
1480 2563 1503 2582 N
1517 2562 1537 2583 ο
1548 2576 1557 2589 ,
1577 2560 1629 2583 are.
1649 2556 1741 2590 [aptita.
1758 2554 1873 2588 ἀπυξςύω,
1892 2555 2012 2590 ἂποῤῥέω]
2036 2555 2138 2581 Verbum
2151 2564 2197 2590 quo
2213 2556 2358 2589 naturalis,
2374 2557 2433 2591 pla-

2291 2591 2378 2618 Sudor
2398 2592 2432 2619 ad

1370 2637 1442 2655 111105
1456 2627 1580 2655 manabat
1601 2627 1667 2655 talos
1688 2628 1757 2655 Hor.
1780 2627 1862 2654 serm.
1881 2636 1905 2660 1,
1926 2636 1957 2660 9,
1977 2636 2006 2653 u.
2061 2627 2137 2660 Aqua
2155 2633 2244 2654 manat
2265 2627 2298 2654 de
2318 2627 2432 2655 flumine
2462 2637 2469 2641 ·

1372 2664 1454 2692 Ouid.
1469 2665 1543 2692 Rern.
1557 2665 1651 2691 Amor.
1666 2667 1718 2694 618.
1775 2663 1839 2690 Dies
1853 2663 1885 2690 ab
1898 2662 2004 2692 oriente
2025 2663 2104 2689 Varr.
2116 2662 2149 2689 de
2161 2663 2191 2690 L.
2205 2664 2234 2690 L.
2248 2673 2270 2696 5,
2287 2672 2307 2693 2.
2364 2664 2432 2691 Gut-

1371 2706 1412 2728 tae
1424 2700 1582 2734 sanguineae
1595 2700 1627 2726 de
1641 2701 1754 2727 vulnere
1770 2699 1851 2727 Ouid.
1866 2699 1930 2727 Met.
1943 2708 1966 2729 2,
1982 2701 2039 2731 360.
2113 2698 2170 2725 Cic.
2185 2699 2268 2727 Tusc.
2283 2709 2303 2730 1,
2326 2701 2341 2727 6
2361 2701 2432 2733 Qua.

1370 2736 1430 2763 refi
1445 2735 1548 2769 aliquid
1562 2736 1695 2762 oratoriae
1707 2735 1780 2762 laudi
1800 2735 1888 2762 nostra
1907 2734 2042 2761 attulimus
2063 2734 2207 2769 industria,
2226 2736 2312 2762 multo
2332 2736 2430 2763 fludio-

1314 2778 1346 2803 70
1373 2772 1423 2798 sius
1442 2770 1628 2811 philosophiae
1647 2772 1736 2798 fontes
1758 2771 1925 2806 aperiemus,
1953 2780 1967 2797 e
1988 2770 2086 2805 quibus
2109 2770 2189 2798 etiam
2214 2771 2262 2798 illa
2282 2771 2432 2799 manabant.

1371 2809 1514 2841 Ingenium
1529 2816 1619 2835 meum
1635 2814 1724 2834 manat
1736 2817 1850 2842 paupere
1859 2815 1929 2834 vena
1947 2807 2068 2834 Ouid.ex
2077 2807 2184 2839 l’ontsz,
2197 2817 2221 2843 5,
2233 2815 2264 2836 21.
2299 2808 2382 2834 Mella
2390 2816 2431 2835 ca-

1370 2851 1404 2869 va
1418 2849 1525 2870 manant
1539 2852 1572 2870 ex
1584 2843 1647 2870 ilice
1665 2844 1733 2871 Hor.
1747 2844 1829 2879 Epod.
1843 2845 1879 2876 16,
1895 2853 1932 2876 47.
2016 2843 2158 2876 Τναηβιὶιιε
2169 2844 2211 2870 hoc
2236 2845 2338 2869 verbum
2349 2844 2435 2879 posuit.

1371 2879 1440 2906 Hor.
1458 2879 1538 2914 Epist.
1554 2889 1616 2913 ¹:¹92
1631 2889 1661 2912 44
1687 2880 1760 2907 Fidis
1774 2880 1848 2906 enim
1867 2888 1974 2906 manare
1987 2879 2094 2906 Po'e'tica
2105 2878 2184 2905 mella
2239 2879 2285 2906 Te
2297 2879 2392 2913 solum,
2412 2880 2432 2906 i.

1370 2915 1479 2951 Confidis
1493 2923 1516 2941 tc
1529 2915 1614 2950 veisus
1627 2918 1699 2942 edere
1712 2916 1797 2951 quouis
1815 2916 1882 2942 melle
1894 2917 2023 2942 dulciores.
2064 2916 2144 2942 Genus
2157 2914 2190 2949 est
2202 2916 2319 2950 loquendi
2336 2916 2431 2942 rarius-

1369 2952 1448 2977 culum
1456 2961 1464 2975 .·
1484 2952 1513 2977 de
1527 2960 1572 2986 quo
1586 2951 1640 2977 vid.
1656 2951 1786 2979 Muncker.
1800 2954 1836 2978 ad
1846 2952 1947 2987 Hygin.
1962 2961 1987 2986 9.
2024 2951 2110 2986 Heius:
2125 2946 2326 2978 ad'Ouid.Met.
2341 2953 2366 2985 6,
2381 2960 2428 2984 312.

1371 2987 1461 3020 Gifan.
1481 2987 1508 3012 in
1526 2989 1582 3014 lnd.
1603 2987 1708 3015 Lucret.
1729 2996 1765 3022 et,
1787 2988 1831 3023 qui
1848 2989 1889 3014 hos
1908 2989 2012 3020 laudat,
2046 2988 2131 3013 Burm.
2151 2990 2187 3013 ad
2206 2988 2310 3014 Samon.
2331 2997 2356 3016 v.
2371 2994 2431 3020 840.

1369 3022 1437 3050 Plin.
1455 3032 1488 3058 ¹4,
1507 3032 1539 3050 20
1556 3030 1598 3058 pr.
1620 3023 1755 3050 Arborum
1775 3025 1852 3050 succo
1871 3023 2037 3051 manantium
2055 3023 2142 3058 picem
2162 3023 2341 3058 resinamque,
2361 3023 2428 3050 aliae

1367 3065 1441 3085 ortae
1454 3059 1483 3084 in
1498 3059 1622 3094 Oriente,
1642 3060 1710 3086 aliae
1722 3060 1750 3085 in
1764 3060 1869 3094 Europa
1882 3060 2015 3087 feruntur.
2087 3060 2117 3085 In
2132 3060 2224 3086 attritu
2233 3059 2359 3087 Sudorem
2369 3067 2431 3094 pur-

1368 3103 1481 3129 pureum
1500 3101 1587 3121 manat
1616 3096 1654 3122 Id.
1673 3105 1710 3129 37,
1727 3105 1763 3122 10.
1836 3097 1972 3123 Lacrimae
1985 3095 2059 3129 genis
2079 3095 2124 3121 Sil.
2144 3104 2167 3127 7,
2188 3104 2246 3128 709.
2318 3094 2428 3129 Sanguis

1807 3132 1883 3167 Virg.
1898 3133 1963 3159 Aen.
1979 3141 1999 3163 3,
2013 3140 2048 3163 ¹73
2070 3131 2141 3157 Dum
2155 3131 2257 3165 gelidus
2270 3136 2328 3157 toto
2345 3139 2432 3157 mana-

1716 3167 1792 3194 Vnda
1805 3168 1925 3194 fontibus
1945 3166 2052 3194 Tibull.
2067 3175 2089 3197 3,
2109 3175 2130 3199 5,
2147 3175 2164 3191 1.
2243 3167 2332 3193 Manat
2355 3175 2433 3193 cruo-

1367 3211 1397 3230 re
1410 3203 1494 3229 culter
1514 3203 1574 3230 Liu.
1591 3213 1609 3237 1,
1622 3213 1652 3237 59
1669 3211 1711 3240 pr.
1784 3205 1874 3231 Manat
1885 3204 1981 3230 sudore
1999 3201 2167 3229 simulacrum
2187 3201 2244 3229 Cic.
2260 3202 2291 3229 de
2307 3203 2399 3230 Diuin.
2411 3212 2431 3235 1,

1368 3248 1397 3272 74
1419 3248 1440 3265 c.
1455 3248 1491 3272 34.
1564 3240 1695 3274 Sanguine
1710 3246 1780 3266 terra
1799 3240 1881 3266 Ouid.
1896 3240 1961 3265 Met.
1976 3247 2008 3271 13,
2018 3241 2073 3271 629.
2232 3236 2253 3275 ‘j
2274 3248 2287 3265 2
2307 3239 2428 3271 Manare,

1363 3282 1410 3312 per
1421 3276 1586 3310 metaphoram
1603 3275 1635 3309 ‹st
1655 3276 1789 3312 Dffpeigi,
1809 3275 1838 3301 di
1859 3275 1984 3308 eminari,
2004 3274 2118 3308 serpere,
2152 3274 2346 3310 percrebrescere
2372 3274 2428 3301 Cic.

1368 3311 1450 3338 Tusc.
1464 3320 1486 3344 2,
1500 3314 1534 3339 66
1555 3311 1644 3338 Latius
1660 3313 1733 3338 enim
1746 3309 1868 3337 manabat
1883 3310 1945 3337 haec
1960 3310 2038 3341 ratio,
2060 3317 2085 3335 et
2099 3309 2236 3344 aliquanto
2250 3311 2379 3337 maiorem
2388 3309 2427 3336 lo-

1369 3356 1439 3380 cum,
1458 3355 1537 3381 quain
1552 3346 1583 3373 de
1599 3357 1654 3374 vno
1669 3347 1764 3374 dolore
1778 3345 1927 3381 occupabit.
2000 3345 2074 3373 Idem
2090 3346 2187 3380 Philip.
2205 3356 2231 3381 1,
2250 3357 2263 3378 5
2285 3356 2306 3373 c.
2321 3355 2333 3372 2
2353 3345 2425 3373 Cum

1369 3384 1482 3418 serperet
1494 3382 1524 3408 in
1540 3383 1606 3409 vrbe
1620 3383 1756 3410 infinitum
1771 3382 1879 3416 malum,
1898 3381 1978 3416 idque
1995 3388 2113 3408 manaret
2128 3382 2214 3409 indies
2235 3383 2320 3409 latius.
2392 3383 2426 3408 Et

1369 3420 1452 3446 Tusc.
1467 3427 1488 3454 5,
1502 3424 1515 3447 8
1536 3418 1618 3453 quue
1632 3427 1727 3446 eorum
1741 3426 1839 3444 nomen
1854 3418 1935 3451 vsque
1949 3417 1980 3444 ad
1994 3417 2156 3452 Pythagorae
2175 3417 2292 3445 manauit
2304 3422 2426 3445 aetatem.

1371 3457 1403 3482 Et
1417 3455 1446 3481 in
1458 3453 1535 3482 Catil.
1548 3465 1571 3487 4,
1583 3457 1598 3481 6
1624 3454 1713 3481 Latius
1728 3454 1859 3488 opinione
1872 3453 2067 3480 disseminatum
2082 3454 2118 3480 est
2130 3454 2181 3481 hoc
2194 3454 2305 3480 malum:
2336 3462 2423 3480 mana-

2275 3489 2425 3516 Consilium

1370 3526 1431 3554 Liu.
1445 3536 1467 3559 7.
1538 3526 1594 3552 Cic.
1609 3525 1722 3560 Philipp.
1738 3535 1770 3561 14,
1785 3535 1807 3556 15
1827 3527 1929 3559 Qtum,
1947 3532 1976 3552 vt
1989 3526 2070 3561 scitis,
2089 3526 2140 3553 hoc
2155 3523 2243 3552 triduo
2257 3524 2299 3550 vel
2323 3525 2422 3559 quatri-

1370 3561 1425 3588 duo
1439 3561 1519 3589 tristis
1537 3570 1552 3589 a
1565 3561 1667 3587 Mutina
1684 3562 1762 3587 Fama
1777 3569 1903 3589 manaret.
1979 3562 2053 3595 Conf.
2073 3562 2132 3588 Liu.
2151 3569 2174 3592 2,
2195 3568 2229 3592 49
2247 3568 2288 3595 pr.
2360 3561 2420 3589 Cic.

1370 3598 1441 3625 Fam.
1458 3607 1489 3632 12,
1508 3608 1516 3625 1
1542 3597 1664 3624 Manabat
1677 3598 1748 3623 enim
1764 3597 1829 3624 illud
1850 3598 1951 3624 Malum
1965 3598 2096 3624 vrbanum
2109 3602 2135 3622 et
2147 3595 2184 3621 ita
2198 3596 2422 3625 corroborabatur

1370 3634 1502 3667 quotidie.
1572 3632 1646 3659 Fidei
1661 3633 1744 3660 bonae
1759 3634 1866 3660 Nomen
1879 3640 1966 3660 manat
1981 3633 2096 3660 latiffime
2107 3630 2145 3657 Id.
2166 3631 2219 3657 Off.
2233 3641 2244 3663 3
2262 3641 2282 3661 c.
2297 3641 2334 3667 17.

1404 3676 1429 3696 M
1442 3677 1464 3696 A
1477 3677 1500 3697 N
1514 3675 1536 3696 A
1549 3675 1570 3695 Ν
1585 3675 1598 3695 S
1609 3690 1618 3703 ,
1642 3669 1718 3696 antis.
1740 3670 1832 3696 Partic.
1856 3669 1963 3704 [ξρύων]
1991 3671 2063 3703 Aqua
2081 3675 2188 3693 manans
2208 3667 2240 3694 de
2252 3669 2315 3694 niue
2340 3668 2422 3696 Ouid.

1367 3713 1399 3730 ex
1413 3707 1486 3732 Pont.
1502 3715 1521 3738 1,
1535 3714 1552 3735 1,
1565 3706 1606 3734 68.
1644 3705 1774 3732 Lacrimis
1788 3705 1905 3732 vbertim
1917 3703 2081 3732 manantibus
2096 3702 2202 3730 Petron.
2223 3713 2245 3730 0.
2261 3714 2305 3736 134.
2344 3705 2423 3736 Lym-

1367 3740 1433 3774 phae
1447 3746 1581 3768 manantes
1601 3741 1669 3767 Hor.
1685 3742 1766 3775 Epod.
1779 3751 1802 3774 2,
1818 3751 1853 3774 27.
1925 3741 2032 3767 Vlcera,
2048 3737 2149 3765 Plinius
2170 3740 2303 3765 identidem
2320 3746 2366 3775 pro
2378 3741 2422 3773 iis,

1367 3785 1428 3809 quae
1435 3777 1549 3813 serpunt,
1556 3777 1646 3811 accipit
1657 3788 1664 3800 :
1681 3785 1710 3801 vt
1723 3787 1757 3810 23,
1778 3787 1798 3810 3.
1869 3780 1939 3804 Add.
1955 3774 2020 3802 Piin.
2028 3782 2062 3804 22,
2070 3783 2104 3804 25-
2177 3775 2312 3802 Manamia
2327 3784 2421 3811 corpu-

1367 3811 1436 3839 scula
1449 3822 1496 3847 per
1514 3811 1659 3839 inuisibilia
1680 3813 1813 3840 foramina
1831 3813 1919 3841 Celsi
1939 3809 2021 3836 Praef-

1367 3166 1412 3194 bat
1427 3176 1540 3202 corpore
1549 3167 1643 3195 Sudor.

1245 3848 1300 3874 Viil.
1312 3855 1359 3873 100
1405 3855 1431 3875 Μ
1443 3856 1464 3875 A
1477 3855 1499 3874 N
1511 3855 1532 3875 A
1543 3854 1565 3875 Τ
1577 3855 1587 3874 1
1600 3854 1620 3874 0
1631 3869 1639 3881 ,
1660 3849 1727 3875 onis.
1749 3849 1768 3876 f.
1805 3850 1881 3876 AHus
1893 3845 2027 3877 manandi,
2043 3847 2111 3881 apud
2128 3846 2265 3881 Angustia.
2285 3847 2318 3874 de
2333 3848 2418 3875 Trin.

1368 3893 1389 3910 c.
1402 3892 1434 3910 20
1452 3892 1476 3910 ct
1493 3883 1614 3911 Frontin.
1629 3884 1660 3910 de
1675 3885 1839 3918 Aquaeduet.
1853 3881 1920 3916 esub
1939 3881 1998 3906 init.

1406 3927 1430 3946 M
1442 3927 1463 3947 A
1475 3926 1497 3946 N
1507 3922 1530 3947 A
1541 3926 1557 3946 1.
1568 3926 1578 3946 1
1587 3927 1610 3952 S,
1631 3930 1655 3949 e.
1679 3921 1738 3947 Adi.
1776 3917 1906 3947 Mai-talem
1913 3916 2028 3950 lapidem
2036 3917 2160 3951 putabant
2173 3918 2222 3944 esl'e
2231 3919 2296 3945 Orci
2310 3918 2419 3951 ostium,

1366 3964 1414 3990 per
1431 3955 1502 3990 quod
1515 3956 1618 3982 animae
1632 3957 1783 3983 inferorum
1795 3954 1826 3981 ad
1839 3953 1945 3986 superos
1959 3960 2103 3986 manarent,
2115 3953 2296 3988 quidicuntur
2315 3955 2417 3980 Manes.

1366 3992 1499 4018 Manalem
1512 3991 1625 4025 lapidem
1643 3993 1721 4019 etiam
1736 3989 1862 4019 vocabant
1878 3988 1979 4014 Petram
1989 3989 2128 4022 quandam,
2141 3998 2207 4024 quae
2215 3996 2270 4016 erat
2277 3995 2349 4015 extra
2357 3998 2420 4030 por-

246 4025 415 4059 degentium:
451 4027 484 4055 ab
503 4034 537 4054 eo
556 4025 658 4054 dictum
671 4046 681 4060 ,
718 4026 790 4060 quod
809 4025 959 4053 communitis
984 4025 1107 4054 manibus
1135 4026 1300 4054 dimicarent,
1312 4038 1356 4061 ¹05
1367 4034 1420 4055 tam
1433 4028 1580 4064 Capenam,
1594 4026 1666 4055 iuxta
1681 4028 1771 4056 aedem
1779 4023 1889 4055 Mai-tiu
1909 4032 1988 4058 quam
2001 4033 2084 4060 quum
2096 4032 2205 4061 propter
2223 4025 2335 4054 nimiam
2347 4026 2419 4051 ticci-

2338 4066 2419 4088 tatem
