2517 4231
0 1977 4 1988 .
47 1967 88 1992 m,
101 1963 156 1993 148.

77 179 158 226 981·
468 173 498 215 Ρ
585 175 623 215 o
713 174 758 214 ‘r

76 263 144 292 alter
155 260 212 292 fine
222 264 316 293 labore
329 263 413 300 patria
427 264 531 300 potitur
545 264 696 293 commoda.

76 308 103 333 3,
116 308 169 333 105.
275 302 317 332 Ita
329 300 421 328 Tacit.
436 302 504 328 Anu.
523 310 555 332 11,
569 310 609 336 ιο,
622 306 645 333 8,
717 301 809 328 Iustin.
823 303 849 331 6,
861 309 890 335 4,
905 306 929 331 8.
964 310 989 335 9,
1003 310 1030 338 7,
1045 311 1073 330 12
1086 311 1135 332 ccc.

78 335 172 370 Nepos
185 341 220 370 ιε,
232 345 257 370 3,
271 345 299 370 4.
394 336 470 373 Conf.
486 338 611 364 Priscian.
625 343 661 368 ιε.
732 338 774 364 vel
791 335 857 369 Vqffi
871 336 900 363 de
913 337 1053 369 ConliruH.
1066 349 1088 366 c.
1097 348 1135 367 επ.

76 371 137 398 Cum
148 372 268 399 Ablatiuo
288 372 365 407 Virg.
380 372 446 399 Aen.
461 381 480 400 1.
495 375 543 408 176
560 373 655 408 Egressi
667 377 757 407 optata
773 373 915 407 potiuntur
934 374 1026 401 'I'ro'c's
1044 383 1133 402 arena.

787 265 896 300 Sceptra
908 264 1008 300 potitus
1027 266 1135 295 Luci-ct.

34 418 37 422 ·
77 406 183 435 Lucret.
197 416 208 434 1
238 407 337 434 Deficit
359 416 438 444 aeg-ra
457 410 539 436 Ceres
550 418 599 436 nec
609 407 698 444 plebes
714 415 781 443 pane
794 409 917 443 potitur:
953 412 973 436 i.
993 412 1049 438 Nec
1063 411 1136 438 hahet
1162 417 1178 444 ς

279 443 382 472 Amore
420 444 501 472 Ouid,
521 446 587 473 Met.
601 453 640 477 10,
652 449 710 477 428.
730 444 735 449 '
783 445 856 471 Auro
869 445 899 471 vi
913 446 1017 480 potitur
1057 447 1134 483 Virg.

73 479 141 506 Aen.
154 486 178 512 3,
192 486 230 513 55.
302 481 346 508 Sic
357 481 415 508 Val.
429 481 514 509 Flacc.
531 489 558 516 7,
571 489 605 514 54
623 479 731 507 Scilicet
743 479 852 507 Aeoliae
867 481 974 516 pecudis
995 488 1135 518 poteretur

74 520 107 542 vt
119 523 202 548 auro,
221 517 240 542 ι’.
260 524 335 543 aureo
347 516 444 544 vellere.
517 517 590 544 Auso
602 515 688 553 potiri
708 515 784 543 Idem
798 518 863 543 Aen.
875 519 902 550 6,
911 520 972 553 624.
1067 520 1134 545 Cor-

74 554 142 587 pore
156 557 183 578 et
194 552 277 578 armis
308 553 385 588 Virg.
399 554 466 581 Aen.
481 561 517 586 ιε,
530 555 590 585 642.
687 551 770 579 Ouid.
783 553 849 580 Fast.
866 562 887 585 3,
902 561 948 587 552
984 554 1017 580 Et
1029 554 1133 589 potitur

76 592 153 622 capta
176 588 288 615 Maurus
309 589 387 616 larba
409 589 501 616 domo.

73 622 208 656 maxima,
229 625 329 659 potitus
341 624 378 652 est
390 625 494 652 Paullus
512 622 570 650 Cic.
583 622 637 650 off.
653 632 676 655 e,
690 626 734 658 76.
829 625 892 652 Stat.
905 625 998 653 Theb.
1019 635 1059 659 ιι,
1081 634 1132 661 270

57 657 171 694 -Neque
184 667 210 686 te
232 661 345 688 vlterins
363 661 532 695 fratrumque
554 658 705 695 ducumque
726 659 848 693 Pessime,
867 661 1009 689 funeribus
1030 663 1133 698 patriae

70 693 246 731 lacrimisque
258 697 384 732 potitum.
487 695 621 722 Ausonius
633 695 662 722 in
676 695 764 732 Eclog.
777 695 811 722 de
825 696 888 723 Vita
901 697 1033 730 humana,
1053 698 1132 734 Opti-

72 739 117 758 ma
140 732 289 760 Graiorum
311 731 438 760 sententia
453 742 460 758 :
496 731 728 772 quippe-homiui
744 732 821 759 aiunt
857 731 922 758 Nou
935 735 1007 760 nasci
1021 735 1070 761 ess'e
1084 735 1132 762 bo-

73 449 172 480 panem.

608 586 681 614 Gaza
694 589 771 616 omni
781 589 977 622 Macedonum,
997 599 1065 626 quae
1079 590 1132 617 fuit
1144 597 1174 617 10
1198 590 1326 625 Depugna
1340 593 1440 626 potius,
1454 603 1534 628 quam
1548 595 1646 622 ferulas
1664 595 1722 622 Cic.
1737 597 1790 623 Att.
1800 604 1827 632 7,
1836 604 1863 631 7.

1609 181 1639 223 P
1725 182 1762 222 O
1843 187 1887 226 T
2183 200 2296 248 982.

1202 268 1353 302 lymitarius
1365 271 1503 299 traducior
1516 271 1549 298 ad
1561 270 1667 308 plebem
1681 279 1761 307 quam
1773 271 1872 300 bonam
1886 277 1952 304 meis
1967 282 2105 314 potiffimis
2125 286 2256 314 orationi-

1203 304 1253 331 bus
1280 308 1393 340 gratiam
1415 307 1547 334 retulerit.
1582 309 1616 336 al.
1637 307 1790 336 Puriffimis.
1862 310 1937 345 Opus
1955 317 2113 348 potilliuuun
2155 323 2256 350 Praed-

1197 347 1294 376 puum,
1314 341 1460 378 exquisitum
1476 343 1542 370 Pliu.
1556 344 1636 379 Epist.
1648 353 1675 377 4,
1685 352 1729 378 34.
1796 344 1932 379 Qinc‘til.
1948 356 1986 380 ιο,
1999 358 2012 382 3
2041 343 2163 391 Dejflq’ue
2176 366 2205 385 vt
2217 359 2256 386 se.

1202 376 1256 402 mel
1270 377 1343 410 quod
1357 378 1393 404 est
1411 379 1589 415 potissumum,
1608 379 1703 407 dicam.

1238 417 1283 439 Po
1294 418 1318 438 Τ
1330 420 1366 439 lv
1376 422 1405 446 S,
1442 416 1580 449 [μᾶλλον]
1612 416 1774 451 pottſjimum,
1794 418 1836 444 vel
1848 415 1981 453 potifflmc.
2002 420 2138 452 Alucrhia.
2173 428 2255 456 Plaut.

1202 446 1324 482 Amphit.
1340 457 1360 481 1,
1376 458 1397 481 ι,
1409 459 1461 483 299
1481 452 1554 479 Nam
1566 451 1585 478 li
1599 460 1642 478 me
1653 452 1787 486 irritastis,
1807 452 1888 480 hodie
1908 453 2114 489 lumbifragium
2133 461 2194 489 hinc
2211 473 2256 491 au-

1201 483 1279 509 feres.
1319 492 1342 510 s.
1363 485 1430 512 abeo
1444 487 1541 521 potius.
1575 487 1601 514 h.
1615 496 1635 513 e.
1653 488 1826 524 Abirefiztius
1839 489 1909 516 duco.
1981 490 2050 517 Ter.
2065 493 2131 520 Eun.
2145 504 2169 527 2,
2184 507 2195 529 3
2219 508 2255 534 94

1200 519 1242 544 An
1257 519 1347 553 potius
1362 520 1426 548 haec
1440 523 1494 556 pati
1509 532 1624 558 acquum
1637 523 1675 549 est
1689 523 1762 555 lieri,
1781 530 1810 551 vt
1824 533 1839 551 a
1852 534 1896 552 me
1908 525 2016 554 ludatur
2028 525 2098 554 dolis
2113 530 2122 555 3
2182 519 2257 567 Qfin

1199 560 1229 581 tu
1243 555 1347 590 aliquid
1361 557 1450 584 saltem
1465 559 1570 592 potius,
1588 568 1705 594 quorum
1720 559 1822 595 indiget
1839 562 1915 598 vsus,
1933 568 1980 590 etc.
2008 563 2084 598 Virg.
2099 565 2153 591 Ecl.
2169 575 2199 599 ε,
2217 577 2255 602 7¹·

1249 627 1257 631 ι
1972 599 2106 633 Perpessus
2117 601 2154 627 est
2165 605 2257 631 omnia

1197 632 1288 661 potius
1301 627 1374 654 Zeno
1387 629 1503 661 Eleates,
1523 639 1604 664 quam
1617 631 1735 658 conscios
1748 631 1876 660 delendae
1888 634 2038 665 tyrannidis
2052 635 2184 664 indicaret
2202 639 2258 667 Cic.

1197 662 1281 690 Tusc.
1297 672 1320 696 2,
1334 672 1374 696 52.
1482 666 1579 693 Vtrum
1593 667 1700 700 potius,
1717 673 1762 694 aut
1777 669 1843 703 quid
1858 668 2036 704 potissimum‚
2055 671 2093 703 fit,
2110 672 2139 699 in
2152 682 2257 709 compa-

1197 698 1305 726 ratione
1320 699 1458 733 quaeritur
1476 700 1535 727 Cic.
1550 700 1582 727 de
1598 703 1702 729 inuent.
1720 711 1740 735 ι,
1753 711 1780 738 7.
1849 705 1947 731 Munus
1961 707 2050 740 potins
2062 713 2170 736 centum
2177 709 2256 745 signis

1197 735 1267 762 Hor.
1281 735 1371 762 Carm.
1386 743 1416 768 4,
1431 743 1453 766 2,
1466 744 1509 762 20.
1604 738 1782 774 Potiss‘unum,
1817 740 1954 774 [μάλιςα]
1993 742 2062 769 Ter.
2077 744 2161 771 Andr.
2168 753 2193 779 ς,
2204 754 2226 780 ς,
2239 748 2259 774 6

69 775 155 802 num,
172 775 266 796 natum
282 774 329 796 aut
345 769 402 795 cito
420 774 510 796 morte
527 768 621 803 potiri.
656 768 682 796 h.
695 777 716 795 c.
734 769 765 794 In
778 769 869 794 mortis
880 771 967 795 uenire
974 769 1131 805 potestatem.
1151 779 1178 806 ¹5
1196 770 1246 797 Sed
1261 779 1341 806 quem
1355 780 1405 806 ego
1423 771 1585 806 potillimum
1597 780 1720 807 exoptem
1735 783 1804 801 nune
1818 775 1904 808 mihi,
1924 776 1967 803 cui
1982 776 2043 805 haec
2057 789 2173 814 narrem,
2180 781 2258 810 dari}

27 824 31 828 ι
67 803 116 831 Sic
127 807 193 830 enim
205 807 307 842 exponit
317 805 414 831 Alciat.
428 805 534 841 Parerg.
549 814 570 837 1,
587 813 624 839 55.
715 803 820 837 Optatis
850 803 908 830 Val.
922 804 942 830 F
944 805 1007 832 lace.
1020 808 1053 838 6,
1070 808 1130 839 469.

69 839 150 875 Virg.
162 841 229 868 Aen.
243 850 273 874 4,
286 847 330 875 :17
348 840 445 875 Rapto.
517 840 639 868 Victoria
657 840 730 867 Caes.
744 839 809 866 Bell.
825 838 894 865 Gall.
908 848 929 871 3,
943 848 988 874 24.
1044 842 1130 869 Ouid.

67 875 137 903 Met.
151 884 180 910 9,
192 885 235 910 312
252 875 411 912 Petitur-que
423 879 553 912 puerpera
567 883 642 903 voto.
747 875 865 911 Absolute
876 876 963 911 posteit
999 877 1058 903 Cic.
1075 878 1130 905 Att-

30 940 33 947 .
67 919 98 948 v,
111 918 141 948 17
166 914 208 940 An
226 912 260 939 iis
277 921 322 939 mc
340 912 419 946 dem,
439 913 487 948 qui
507 918 612 946 tenent,
630 910 678 947 qni
697 912 857 946 potiuntur:
882 915 932 938 int.
947 920 1038 940 rerum
1045 913 1072 947 s.
1087 914 1129 940 rei

89 948 200 975 ublicae.

62 957 129 1019 fpfis'
141 984 326 1019 voluptatibus
339 985 410 1012 bona
422 991 492 1012 aetas
505 985 618 1018 Fruitur,
635 982 768 1010 libentius
780 982 898 1018 primum
919 984 1038 1019 paruulis
1059 985 1127 1012 frui-

62 1025 114 1048 tur
127 1020 207 1047 rebus
216 1041 225 1054 ,
241 1027 270 1049 vt
281 1021 398 1048 diximus
413 1032 420 1048 2
455 1019 552 1048 deinde
565 1021 613 1053 iis,
623 1019 721 1055 quibus
733 1017 863 1052 senectus,
886 1020 999 1047 etiam‘fi
1011 1029 1067 1047 non
1079 1021 1126 1048 ab·

35 1053 39 1056 ’
62 1056 138 1084 unde
149 1057 269 1093 potitur,
287 1066 342 1084 non
355 1057 468 1084 omnino
481 1062 561 1085 caret..
632 1058 682 1083 Pro
694 1055 774 1082 eodem
781 1055 871 1090 pqsmt
891 1056 1000 1084 Fruitur
1013 1064 1037 1083 et
1052 1058 1124 1085 Poti-

61 1098 121 1120 αυτ.
194 1122 195 1125 ¹
230 1093 310 1128 Apul.
323 1093 402 1129 Apol.
416 1102 441 1127 p.
457 1099 520 1128 279,
532 1101 551 1126 4
577 1091 663 1118 Hasce
690 1091 754 1118 duas
786 1092 922 1124 flammas,
942 1093 1006 1120 dum
1026 1093 1124 1129 potiar,

59 1129 163 1165 patiar.
256 1130 300 1158 Sic
309 1130 416 1156 Lucret.
429 1137 459 1162 4,
473 1136 539 1164 1070
577 1127 703 1154 Potiundi
718 1133 839 1162 tempore
852 1128 970 1169 inipso,
984 1133 1002 1159 i.
1015 1133 1044 1156 in
1057 1132 1124 1157 coitu
1141 1143 1172 1171 ²⁵

66 1166 188 1193 venem.
292 1166 399 1193 Luci-et.
414 1173 442 1198 4,
455 1167 505 1199 765
531 1165 621 1200 Vsque
633 1163 716 1197 adeo,
736 1170 807 1190 certe
821 1170 850 1190 vt
864 1164 1007 1194 videamur
1017 1174 1126 1193 cernere

61 1210 146 1236 eum,
165 1210 247 1238 quem
283 1201 398 1229 Reddita
429 1201 499 1227 vita'i
527 1199 581 1228 iarn
600 1209 691 1234 mors,
709 1205 735 1227 et
754 1206 826 1228 terra
844 1201 969 1236 potita'st.
1005 1204 1026 1229 i.
1045 1203 1125 1239 1,(ῂιεηι

59 1243 133 1270 terra
146 1238 274 1265 humatum
289 1244 367 1265 tenet.
402 1236 517 1264 lambin.

99 1279 116 1300 Ρ
127 1279 148 1302 ο
158 1281 180 1302 Τ
191 1281 202 1301 1
213 1280 252 1307 o,
267 1273 318 1301 ire.
354 1271 448 1302 AHiue
462 1273 522 1309 osus
535 1270 569 1307 est
587 1271 670 1300 Plaut.
685 1271 782 1308 Amph.
798 1279 821 1306 1,
834 1281 892 1305 1‚23
912 1274 970 1307 Qti
985 1274 1127 1302 fuerimli-

56 1308 130 1343 ὑεῖ,
149 1319 211 1337 eum
224 1319 294 1337 nunc
307 1310 408 1346 potinit
422 1315 498 1345 pater
510 1309 655 1336 seruitutis.

27 1375 34 1382 .
57 1345 117 1373 lam
133 1346 318 1382 capitaliorem
335 1346 434 1381 pestem
453 1354 533 1381 quam
555 1345 722 1380 voluptatem
742 1345 865 1380 corporis
885 1346 1016 1374 dicebata
1028 1353 1124 1375 natura

53 1381 168 1418 datam,
185 1382 260 1409 cuius
272 1382 418 1417 voluptatis
427 1381 526 1409 auidae
538 1381 667 1408 libidines
680 1388 781 1408 temere
798 1387 825 1409 et
850 1381 977 1410 effrenate
1001 1383 1034 1410 ad
1052 1384 1124 1419 poti-

53 1418 163 1449 undum
178 1418 363 1446 incitarentur.
435 1418 467 1445 In
479 1417 611 1453 potiundo
627 1417 738 1444 dedimus
751 1427 781 1444 ex
798 1418 905 1445 Lucret.
927 1426 1049 1455 4,1070.

62 1469 68 1477 ·
97 1460 144 1481 1>o
155 1460 178 1482 Τ
190 1461 201 1480 1
211 1461 228 1482 E
240 1461 264 1481 N
274 1462 306 1488 s,
326 1454 403 1489 entis.
430 1454 526 1482 Partic.
553 1453 771 1490 ,[ἒπιτυγχοίνων]
805 1454 863 1482 Cic.
878 1455 962 1483 Tusc.
974 1464 999 1489 3,
1011 1465 1043 1491 41
1057 1465 1080 1483 c.
1096 1459 1123 1487 18

53 1490 165 1520 Natura
180 1490 214 1517 iis
231 1491 344 1526 potiens.
804 1512 807 1515 .

61 1538 70 1542 -
93 1533 112 1553 r
122 1532 142 1554 o
152 1534 174 1554 Τ
184 1529 258 1554 ῑΤν
268 1535 297 1560 s,
312 1529 343 1560 a',
362 1535 419 1554 um.
458 1525 521 1553 Adi.
557 1525 641 1553 Liber
655 1534 739 1561 equus
751 1534 898 1562 campoque
916 1527 1016 1563 potitus
1028 1535 1122 1564 aperto

58 1562 136 1598 Virg.
151 1563 217 1590 Aen.
230 1572 263 1596 11,
276 1571 336 1598 493.
445 1562 584 1596 Coniugio
617 1562 781 1597 sceptrisque
804 1565 907 1601 potitus
924 1564 1000 1592 Idem
1013 1573 1042 1598 3,
1059 1568 1121 1599 296.

54 1598 138 1627 Tota
148 1599 259 1634 regione
273 1600 374 1634 potitus
389 1599 449 1625 loca
463 1597 645 1626 communiuit
666 1598 736 1633 Nep.
749 1607 800 1631 1,2,
810 1607 830 1626 1.

57 1645 62 1650 ·
96 1640 222 1663 ΡΟΤῙΤ
234 1642 255 1662 o
265 1643 301 1667 R,
323 1635 389 1662 aris.
422 1644 459 1662 tn.
496 1634 579 1661 Plant.
593 1635 650 1662 Cas.
666 1643 686 1667 1,
699 1643 719 1667 1,
734 1643 761 1667 :¹3
781 1636 828 1662 Me
841 1636 983 1671 suspendio
998 1646 1078 1672 quam
1092 1642 1121 1665 tu

55 1669 120 1698 eius
133 1671 238 1706 potitor
251 1671 314 1704 fias,
331 1671 412 1698 satius
425 1670 462 1697 est
475 1677 623 1698 mortuum.
641 1676 642 1681 ¹
659 1672 693 1696 al.
714 1670 818 1698 Potior.

59 1715 89 1740 2,
103 1715 138 1734 20
155 1707 315 1734 Annibalem
329 1709 372 1742 spe
387 1708 432 1734 sua
439 1708 545 1741 Capuae
557 1706 714 1746 pot-iterem.

94 1749 139 1770 Po
149 1750 170 1770 T
181 1750 230 1776 15,
247 1753 272 1770 e.
295 1743 357 1770 Adi.
395 1741 460 1777 [οἷ”ἇς
472 1753 516 1777 περ
523 1741 593 1782 &⁰¹⁰²
604 1742 652 1776 τε]
667 1742 775 1776 potior,
794 1743 956 1777 potissimus‚
975 1744 1121 1780 idemfere,

53 1779 125 1816 gamd
137 1780 247 1812 Potens,
266 1778 418 1814 potentior,
437 1777 637 1816 potennffimus.
710 1777 794 1817 Plaut.
807 1778 928 1812 Aznphit.
943 1787 966 1810 2,
975 1786 1039 1813 ¹³79
1053 1780 1122 1812 Qui,

53 1815 174 1848 malum,
192 1815 344 1849 intelligere
364 1815 508 1849 quisquam
530 1818 600 1846 pons
622 1811 683 1838 cst?
718 1820 738 1838 ι.
753 1821 776 1838 c.
799 1813 902 1845 pmcn,
922 1819 953 1839 vt
962 1817 1001 1840 ait
1023 1814 1122 1840 Donat.

44 1851 126 1878 Ter.
140 1852 238 1878 Heaut.
251 1859 276 1884 2,
288 1859 312 1882 3,
326 1850 367 1880 80‘
382 1848 478 1875 Multis
498 1847 589 1874 modis
610 1847 730 1874 iniurius
743 1847 868 1883 Clitipho
880 1848 932 1882 est,
952 1858 1040 1885 neque
1053 1850 1122 1878 ferri
1131 1856 1166 1883 45
1185 1848 1291 1875 Merum
1305 1855 1398 1884 potare
1416 1851 1535 1878 Martial.
1551 1859 1571 1881 1,
1585 1859 1620 1878 12.

45 1887 127 1921 ,potis
139 1886 196 1912 eliz·
292 1885 389 1920 Neque
403 1883 507 1918 sanguis
520 1883 577 1910 vllo
590 1883 661 1918 potis
676 1883 713 1910 est
726 1884 805 1918 paolo
824 1886 959 1919 profluens
978 1886 1119 1914 confistere

49 1923 112 1950 Cic.
126 1922 212 1950 Ture.
225 1930 240 1948 2
252 1929 274 1947 c.
291 1923 330 1948 16.
365 1929 395 1947 tx
414 1921 500 1946 Po‘e‘ta.
607 1919 675 1946 Non
695 1920 765 1953 potis
779 1920 816 1947 est
829 1921 872 1947 vis
884 1921 940 1948 vlla
959 1922 1036 1956 Virg.
1050 1923 1116 1949 Aen.

263 1957 321 1984 Cur
333 1966 388 1983 non
400 1955 509 1982 diuitiis
523 1956 653 1983 Croesum
668 1956 792 1989 superare
812 1957 882 1991 potis
897 1957 927 1984 fit
963 1958 1062 1986 Catull.
1079 1968 1119 1985 ιη

53 1997 126 2027 (96)
144 2002 168 2026 3.
275 1993 362 2019 Nulla
376 2001 418 2018 res
435 2000 523 2026 neque
537 1992 674 2027 cicurare,
689 2000 777 2027 neque
796 1992 902 2021 mederi
915 1993 987 2028 potis
999 1993 1052 2026 est,
1071 2003 1119 2020 ne-

0 2051 1 2055 ,
45 2025 110 2064 'que
122 2028 233 2056 reficere
254 2028 345 2054 Varro
357 2036 387 2053 ex
399 2027 518 2053 Pacuuio
533 2026 566 2052 de
578 2027 608 2052 L.
621 2027 652 2052 L.
665 2028 693 2058 6,
705 2035 728 2059 5.

49 2073 99 2092 (ες
113 2065 247 2091 musarum
259 2071 419 2097 expromere
433 2062 503 2089 setus
540 2061 638 2089 Catull.
652 2063 693 2095 63,
706 2070 729 2095 3.
840 2064 922 2097 Qiod
934 2073 1072 2100 nunquam
1088 2064 1120 2092 fi-

52 2109 90 2129 ne
104 2099 246 2135 perniciali
288 2098 410 2127 Discidio
422 2098 493 2135 potis
506 2097 542 2126 est
555 2098 659 2134 seiungi
678 2099 784 2127 Lucret.
801 2107 823 2133 1,
839 2108 895 2134 451.
976 2102 1033 2135 Qu
1046 2101 1117 2129 istud

51 2138 128 2173 potis
142 2137 178 2164 est
191 2136 252 2164 fieri
282 2135 365 2163 Plaut.
383 2135 481 2171 Amph.
500 2144 524 2169 ε,
539 2143 566 2168 2,
581 2137 616 2162 61.
708 2135 778 2162 Add.
790 2136 897 2163 Lnrrct.
912 2145 940 2170 4,
954 2145 1019 2171 ¹233·
1056 2145 1081 2164 et
1092 2146 1118 2172 ς,

53 2177 110 2208 718.
160 2172 163 2174 ’
180 2173 251 2200 Ter.
276 2171 392 2207 Adelph.
414 2181 443 2205 4,
467 2180 489 2204 1,
510 2180 533 2205 ς.
569 2178 593 2198 ec
608 2180 632 2203 4,
646 2173 726 2204 4,16.
823 2172 896 2199 Poris
910 2182 952 2206 es,
969 2180 1018 2209 pro
1033 2175 1116 2201 Potes.

926 1673 987 1700 Val.
1009 1675 1083 1701 Max.
1099 1679 1168 1707 3‚40

1197 806 1255 833 Cic.
1271 807 1352 834 Acad.
1366 817 1394 842 4,
1409 815 1439 842 17
1472 807 1531 834 Nae
1544 808 1591 834 ille
1604 809 1684 844 longe
1698 808 1800 843 aberit,
1819 816 1848 838 vt
1861 814 2024 845 argumentis
2032 816 2125 843 credat
2138 817 2256 851 philoso-

1196 842 1314 878 phorum
1327 854 1333 870 ε
1370 849 1416 869 ant
1431 842 1449 869 fi
1461 842 1499 869 est
1513 845 1675 876 crediturus,
1694 854 1812 880 quorum
1827 847 2012 881 potissimumss
2116 853 2256 882 Ordlcnda

1195 878 1233 905 est
1244 878 1324 914 nobis
1338 878 1500 914 potiffimum
1514 881 1590 906 causa
1603 889 1617 907 a
1631 880 1682 908 deo
1709 881 1766 908 Cic.
1781 880 1813 908 de
1827 883 1920 917 Legib.
1937 891 1956 914 1,
1971 892 2007 911 21.
2091 887 2256 918 Potiffimum

1193 914 1252 941 eius
1269 914 1366 942 dilexit
1379 913 1536 942 affinitatem
1555 916 1624 951 Nep.
1639 924 1677 950 25,
1689 925 1729 949 12,
1743 925 1762 944 1.
1834 917 1974 946 Potiffime.
2011 920 2150 958 [μέλιςα]
2177 926 2254 955 Idem,

306 949 417 982 Potior,
429 956 481 985 pro
495 950 591 976 Fruor:
616 948 684 975 'eie
705 946 739 974 de
754 945 857 974 Scnth.
870 955 903 980 41
929 948 1012 982 Qtod
1032 948 1051 975 fi
1071 949 1128 976 istis
1141 961 1177 981 20
1193 951 1226 977 In
1239 951 1298 985 ipso
1311 952 1413 987 impetu
1428 950 1529 984 febris,
1550 952 1733 987 potissimcque
1745 952 1794 980 vbi
1810 962 1840 981 ea
1854 954 1949 981 ardens
1961 954 1998 982 est
2018 957 2086 984 Cels.
2102 968 2123 992 3,
2133 963 2158 986 6.
2197 962 2255 991 Cic,

1192 986 1226 1013 de
1238 988 1314 1014 Orat.
1328 995 1354 1020 ι,
1368 989 1386 1014 6
1403 987 1470 1014 Νοη
1484 987 1614 1022 potissime
1626 988 1767 1016 oonfirmo.
1828 990 1871 1017 Sic
1883 990 1952 1026 apud
1962 991 2060 1019 eundem
2067 995 2170 1030 Jaepius
2185 1001 2256 1025 inm-

1191 1025 1247 1048 nies
1258 1033 1267 1048 .-
1303 1021 1399 1057 tametfi
1413 1021 1479 1057 flur,
1493 1027 1537 1059 qui
1557 1024 1670 1051 mendum
1688 1031 1781 1061 putent
1793 1023 1852 1059 effe,
1872 1026 2045 1064 legendumque
2057 1032 2144 1058 <licant
2157 1034 2256 1061 Potissi-

1190 1067 1276 1085 mum.
1381 1058 1458 1085 Idem
1473 1068 1523 1094 pro
1538 1060 1667 1088 Muraena
1680 1068 1703 1088 c.
1718 1070 1731 1088 2
1749 1061 1774 1088 Is
1785 1061 1917 1097 potiffime
1929 1061 2034 1091 honore
2047 1065 2143 1094 affecto
2163 1068 2256 1097 defen.

1189 1095 1233 1122 sor
1245 1094 1368 1126 daretur,
1387 1095 1453 1129 qui,
1472 1102 1519 1122 etc.
2026 1113 2029 1121 c

1228 1137 1442 1163 r0T1T1vs,
1463 1131 1518 1159 vid.
1541 1137 1749 1161 roT1C1vs.

1229 1173 1404 1199 POTITO,
1422 1167 1477 1194 vid.
1499 1174 1622 1196 r0T0.

1226 1209 1243 1229 P
1253 1208 1274 1229 ο
1285 1209 1308 1230 Τ
1319 1210 1329 1229 ι
1339 1209 1361 1228 Τ
1371 1210 1392 1230 ν
1401 1210 1414 1230 s
1423 1223 1432 1236 ,
1453 1203 1472 1229 i.
1494 1212 1530 1230 m.
1566 1205 1600 1232 In
1612 1203 1721 1233 Valeria
1733 1205 1901 1234 Romanorum
1912 1213 1985 1245 gente
2002 1209 2151 1239 praenomen
2170 1219 2196 1241 et
2209 1214 2255 1242 Co·

1189 1247 1304 1276 gnomen.
1345 1238 1404 1266 Vid.
1420 1239 1513 1275 Spanb.
1527 1238 1556 1266 de
1575 1239 1626 1275 Vfic
1639 1247 1685 1267 etc.
1700 1242 1775 1268 Num.
1787 1240 1843 1275 dsffi
1858 1252 1885 1270 10
1900 1252 1930 1280 p.
1941 1248 1984 1277 36.

1230 1281 1248 1300 P
1258 1281 1278 1301 Ο
1289 1281 1311 1300 Τ
1320 1282 1341 1302 Ν
1351 1281 1361 1301 1
1371 1281 1392 1300 A
1400 1294 1407 1306 ,
1425 1284 1464 1302 ae.
1486 1275 1508 1302 f.
1546 1276 1677 1311 [Hos-vla]
1719 1277 1786 1304 Vrbs
1798 1281 1825 1304 in
1839 1279 1942 1307 Boeotia
1951 1301 1961 1314 ,
1981 1291 2029 1308 non
2041 1283 2113 1320 longe
2125 1293 2141 1310 a
2152 1284 2255 1319 Thebis,

764 1308 821 1336 Cic.
835 1309 868 1336 de
883 1310 985 1337 Sene&
997 1319 1030 1344 39
1055 1311 1124 1338 Nul-
1142 1326 1174 1351 30
1189 1310 1234 1337 vbi
1242 1311 1361 1344 Glaucus,
1369 1311 1472 1348 Sierphi
1484 1310 1555 1346 filius
1567 1318 1592 1339 et
1604 1313 1730 1348 Meroper‚
1744 1313 1832 1341 habuit
1844 1323 1934 1351 equas,
1952 1326 2014 1353 quas
2033 1320 2193 1355 consueuerat
2209 1321 2254 1349 hu-

1188 1356 1263 1374 mana
1275 1356 1351 1373 carne
1362 1348 1444 1380 alere,
1461 1356 1507 1384 quo
1520 1347 1636 1383 cupidius
1647 1351 1676 1375 in
1689 1348 1781 1382 hostem
1792 1353 1928 1379 irruerent.
1966 1353 2050 1389 Ipsum
2063 1361 2160 1388 autem,
2180 1365 2255 1392 quum

1187 1383 1307 1410 alimenta
1319 1382 1480 1419 defecffll’m,
1500 1383 1691 1412 deuorauerunt.
1726 1386 1791 1412 Item
1803 1387 1950 1424 Qaeadrigae
1963 1389 2054 1425 quibus·
2073 1391 2199 1424 utebatur,

1225 1425 1242 1446 Ρ
1252 1424 1272 1446 ο
1283 1425 1304 1445 Τ
1314 1426 1337 1446 N
1345 1426 1355 1445 1
1365 1425 1389 1447 A
1401 1427 1419 1446 D
1431 1426 1449 1446 E
1460 1426 1473 1446 s
1482 1439 1491 1452 ,
1518 1418 1673 1454 Ποτνιάδες,
1711 1418 1796 1448 diane
1802 1424 1876 1457 jam.
1914 1424 1989 1459 Virg.
2003 1426 2104 1461 Georg.
2115 1435 2140 1459 3,
2151 1430 2202 1460 268

1387 1455 1494 1482 Scilicet
1507 1462 1567 1483 ante
1581 1465 1674 1483 onmes
1687 1457 1766 1484 furor
1779 1459 1814 1485 est
1825 1458 1934 1494 infignis
1946 1469 2087 1496 equarum,
2159 1461 2163 1470 “

1385 1492 1418 1518 Et
1433 1497 1550 1519 mentem
1562 1493 1653 1520 Venus
1665 1493 1721 1528 ipsa
1734 1493 1823 1525 dedit,
1839 1504 1895 1530 quo
1909 1501 2031 1532 tempore
2049 1498 2148 1528 Glauci

1386 1528 1526 1555 Potniades
1538 1529 1615 1556 malis
1635 1529 1756 1557 membra
1775 1530 1925 1566 absumsere
1944 1533 2097 1569 quadrigae.

1188 1561 1272 1590 Ouid.
1286 1562 1316 1590 in
1335 1562 1398 1591 Ibin
1419 1572 1462 1598 555
1495 1564 1654 1592 Potniadum
1673 1565 1777 1593 morsus
1797 1566 1906 1602 subeas,
1922 1574 1951 1595 vt
1965 1569 2096 1602 Glaucus,
2111 1578 2252 1606 equarum.

1223 1601 1302 1627 P6T
1314 1607 1334 1627 o
1345 1619 1352 1631 ,
1372 1601 1480 1636 potaui,
1497 1607 1634 1635 potatum3
1654 1603 1696 1628 vel
1715 1607 1794 1636 potus
1809 1604 1878 1636 sum,
1892 1607 2002 1639 potum,
2022 1613 2124 1641 potare.
2161 1608 2254 1642 [πίνω]

1186 1635 1284 1662 Bibere.
1319 1636 1396 1672 Virg.
1411 1637 1465 1665 Ecl.
1479 1644 1544 1672 7,11
1568 1638 1629 1664 Huc
1650 1637 1697 1672 ipfi
1719 1644 1815 1673 potum
1841 1641 1952 1668 venient
1972 1650 2020 1676 per
2038 1648 2113 1677 prata
2133 1642 2255 1670 iuuenci.

1188 1671 1257 1699 Ter.
1271 1671 1380 1700 Phorm.
1394 1681 1419 1706 5,
1432 1681 1456 1707 5,
1468 1681 1485 1707 9
1505 1673 1577 1701 Nam
1602 1675 1673 1709 apud
1697 1683 1740 1700 me
1763 1680 1903 1709 potaturus
1928 1676 1975 1704 est.
2071 1678 2182 1704 Acetum
2194 1687 2256 1706 acre

1186 1713 1284 1742 potare*
1301 1709 1370 1736 Hor.
1384 1709 1468 1736 Serm.
1482 1718 1505 1742 2,
1519 1718 1541 1741 3,
1557 1716 1610 1744 ¹¹7-
1715 1711 1821 1744 Aquam
1835 1717 1929 1745 potare
1940 1712 2015 1744 galea
2031 1713 2142 1740 Tibull.
2157 1722 2180 1746 2,
2193 1716 2220 1745 6,
2232 1719 2257 1744 8.

1183 1744 1219 1768 al.
1235 1744 1354 1770 Portare.
1463 1745 1570 1779 Aquam
1582 1749 1676 1779 potare
1697 1744 1820 1772 Scribon.
1835 1748 1861 1772 6.
1932 1747 2056 1774 Flumina
2089 1748 2186 1778 limosa
2206 1749 2256 1784 po-

1185 1783 1225 1816 tat
1243 1777 1327 1804 Ouid.
1338 1778 1404 1806 Met.
1419 1788 1439 1812 1,
1455 1781 1515 1813 634.
1612 1780 1666 1806 Lac
1678 1786 1833 1806 concretum
1847 1789 1908 1808 cum
1921 1782 2048 1818 sanguine
2061 1789 2135 1818 potat
2153 1787 2257 1821 equino

1184 1813 1262 1847 Virg.
1298 1814 1398 1849 Georg.
1433 1824 1454 1847 3,
1489 1816 1550 1848 463.
1622 1815 1850 1844 Medicamentum
1871 1823 1984 1852 poturus
2002 1819 2039 1846 est
2060 1820 2181 1848 Sci-ibon.
2199 1830 2254 1849 122.

1726 1852 1818 1879 Totos
1832 1853 1889 1880 dies
1901 1854 2046 1889 potabatur
2066 1856 2124 1884 Cic.
2136 1857 2254 1893 Philipp.

1184 1892 1211 1917 2,
1225 1886 1260 1919 67
1274 1893 1296 1911 c.
1310 1893 1354 1921 27.
1441 1887 1482 1914 De
1495 1887 1586 1913 medio
1600 1886 1645 1915 die
1662 1888 1730 1917 Hor.
1745 1889 1829 1917 Serm.
1842 1897 1869 1924 2,
1884 1896 1907 1922 8,
1922 1901 1943 1923 3·
2051 1893 2168 1931 Metoph.
2203 1895 2256 1921 Ar-

1183 1919 1264 1948 bores
1276 1921 1340 1949 vina
1354 1927 1447 1958 potare
1460 1922 1617 1956 docuimus,
1639 1927 1724 1961 inquit
1744 1925 1810 1953 Plin.
1821 1934 1858 1959 ιε,
1871 1934 1890 1952 1.
1910 1927 1940 1954 de
1953 1936 1987 1959 eo,
1998 1928 2064 1963 quod
2076 1931 2135 1956 vino
2149 1930 2255 1966 quidam

1183 1965 1225 1983 eas
1236 1958 1366 1993 rigabant.
1474 1960 1564 1986 Lanae
1577 1966 1672 1994 potant
1688 1960 1758 1987 Plin.
1776 1969 1802 1994 9,
1815 1967 1853 1993 38.
1941 1964 2021 1990 Porus
2034 1965 2108 1997 sum,
2127 1966 2254 1994 Praeteri-

1182 1998 1234 2018 tum
1249 1992 1396 2028 PerfeHum
1407 2003 1423 2021 a
1435 1995 1510 2021 Poto.
1549 1995 1611 2021 Aul.
1625 1996 1696 2022 Gell.
1710 2004 1733 2029 2,
1748 2003 1777 2030 25
1796 2006 1826 2023 ex
1839 1998 1969 2026 Varronis
1982 1999 2015 2025 de
2031 2000 2100 2027 L.L.
2115 2006 2129 2030 8
2146 2002 2253 2036 Qmm-

838 2029 898 2054 Ncc
915 2029 988 2063 potis
1010 2029 1046 2055 est
1061 2028 1119 2055 dul·
1135 2037 1167 2065 50
1185 2036 1254 2062 que,
1273 2031 1375 2064 inquit,
1392 2038 1407 2055 a
1421 2025 1576 2062 Coeno,'et
1589 2030 1726 2066 Prandeo,
1746 2038 1772 2058 et
1786 2035 1895 2066 pransus
1910 2034 1984 2067 sum,
2004 2041 2031 2061 et
2044 2041 2170 2064 coenatus
2183 2039 2254 2070 sum,

1184 2069 1210 2093 et
1223 2069 1302 2099 potus
1315 2065 1373 2092 sum
1387 2064 1518 2098 dicamus,
1525 2072 1571 2092 etc.
1651 2068 1743 2096 Verum
1752 2067 1847 2104 paffiue
1861 2069 2004 2098 Toxicum
2016 2078 2111 2106 potum
2125 2072 2162 2099 est
2183 2073 2254 2101 Scri.

1181 2100 1245 2127 bon.
1262 2110 1319 2136 194.
1430 2103 1525 2140 Nempe
1539 2103 1637 2136 Potor,
1655 2102 1787 2139 Paffiuum.
1843 2105 1911 2133 Plin.
1925 2114 1958 2138 11,
1972 2113 2005 2141 37
2031 2107 2131 2135 Guttur
2143 2108 2252 2136 homini

1184 2144 1288 2165 tantum
1311 2143 1338 2165 et
1362 2137 1453 2166 suibus
1479 2139 1650 2172 intumescit,
1680 2149 1811 2174 aquarum
1831 2150 1900 2177 quae
1929 2148 2073 2179 potantur,
2092 2144 2252 2180 plerumque

1181 2174 1261 2201 vitio.
1333 2174 1404 2202 Dare
1418 2181 1540 2210 potatum
1552 2175 1640 2203 bobus
1659 2176 1793 2203 Columel.
1808 2186 1844 2210 ιε,
1858 2186 1894 2210 5ι.
1983 2179 2127 2214 Voluptate
2140 2181 2252 2217 potandi

50 2210 160 2236 Lucret.
175 2217 198 2242 3,
212 2215 255 2242 555¹
273 2208 335 2235 Siue
347 2208 421 2236 aliud
435 2207 549 2247 qui-duis.
557 2207 627 2242 potis
641 2216 668 2234 es
683 2207 855 2236 coniunctius
867 2209 905 2236 eii
941 2210 1063 2247 Fingere,
1071 2216 1117 2238 etc.
1132 2212 1162 2240 55
1181 2210 1287 2237 fruatur
1306 2210 1405 2251 aliquis
1418 2212 1519 2247 pariter
1530 2221 1591 2238 cum
1602 2211 1663 2243 aliis
1675 2222 1683 2244 3
1721 2219 1767 2239 aut
1785 2221 1818 2239 ne
1836 2212 1942 2240 sobrius
1955 2213 1985 2241 in
1997 2215 2159 2245 violentiam
2172 2217 2252 2245 vino-

48 2244 128 2274 adem
140 2253 164 2280 2,
174 2250 226 2280 849
385 2243 456 2270 Cum
470 2244 565 2278 prinus
578 2251 707 2278 quaerere
719 2251 767 2278 par
779 2243 826 2276 est,

41 2286 59 2298 ’ν
208 2280 308 2314 Qioad
320 2280 402 2313 licet,
421 2289 450 2307 ac
464 2279 536 2315 potis
549 2288 575 2306 es
587 2279 709 2315 reperire
715 2299 725 2314 ,
746 2279 874 2308 inolentis
892 2280 964 2309 oliui

53 2326 70 2352 ζ
205 2317 356 2350 Naturam,
376 2322 423 2343 etc.

32 2370 34 2374 ·
46 2353 115 2382 l’otc
124 2364 131 2380 τ
142 2353 212 2380 Ter.
220 2352 331 2388 Adelph.
340 2361 365 2386 2,
372 2361 396 2386 3,
405 2361 429 2379 11
445 2351 494 2379 Nil
503 2356 565 2386 pote
573 2351 669 2387 supr&

86 2397 113 2423 te
125 2390 212 2417 fuisset
225 2388 342 2416 exorari.

0 2423 2 2455 ᾗ
43 2429 45 2432 “
63 2426 123 2454 dem
136 2428 190 2457 Att.
204 2434 239 2458 13,
252 2431 279 2458 38
298 2425 359 2452 Hoc
372 2424 519 2460 quidquam
531 2430 593 2459 pote
607 2425 740 2460 impurius
754 2427 764 2454 3
836 2427 935 2454 Catull.
949 2435 994 2463 77,
1010 2431 1039 2455 16
1052 2430 1113 2455 Hoc

73 2464 78 2468 '
92 2463 130 2489 ies
143 2461 198 2488 siue
211 2462 240 2488 id
253 2470 308 2488 non
321 2466 384 2496 pote
393 2481 401 2493 ,
421 2460 475 2487 fine
489 2466 560 2495 pote.
622 2461 683 2488 Vid.
692 2462 771 2497 plura
783 2465 892 2499 exempla
904 2466 932 2490 in
945 2462 1047 2491 Sanfi‘ii
1059 2465 1113 2491 Mi-

61 2528 75 2530 „
87 2496 89 2499 ”
109 2508 124 2525 a
138 2509 165 2534 4,
179 2508 218 2533 17.
306 2498 437 2524 Caeterum
449 2499 524 2523 ctiam
542 2496 712 2532 Masculinum
725 2495 760 2529 es}
767 2498 846 2530 Pate,
859 2498 886 2533 st
898 2498 966 2526 reste
981 2500 1065 2527 editur
1077 2501 1114 2527 Io-

23 2541 25 2547 ·
46 2529 93 2563 as
104 2534 235 2562 Varronis
248 2533 316 2571 apud
328 2533 402 2560 Non.
415 2541 439 2565 ε,
451 2537 483 2565 98
504 2531 562 2566 Qi
575 2537 637 2566 pote
650 2532 707 2567 plus
715 2553 725 2566 ,
743 2540 821 2568 vrget
833 2545 841 2565 ;
867 2544 897 2561 ac
910 2545 959 2562 non
972 2536 1112 2571 legendum,

46 2571 104 2606 Qui
117 2571 184 2606 poti‘
197 2570 222 2607 s
243 2569 323 2605 potis.
406 2569 449 2596 Sic
461 2569 533 2595 Fotis
545 2569 622 2601 sunt,
643 2569 711 2596 Ide'm
723 2577 754 2596 ac
766 2568 877 2603 Poffiunt.

44 2604 70 2640 ὲ,
83 2616 108 2638 2,
120 2609 149 2634 16
167 2607 241 2633 Duae
265 2604 416 2639 (mulieres)
436 2604 556 2631 maximo
576 2605 625 2630 vni
638 2605 742 2640 Populo
763 2605 821 2640 plus
841 2606 902 2633 satis
922 2607 986 2635 dare
1007 2608 1113 2642 negotii

0 2669 1 2674 ,
44 2643 120 2680 potis
131 2643 201 2669 sunt.
308 2643 386 2668 Varr.
399 2640 433 2668 de
446 2640 484 2667 R:
492 2640 525 2667 R.
541 2648 568 2673 2,
582 2646 647 2676 apr.
686 2640 830 2669 Videamus
862 2643 930 2677 quid
955 2643 1072 2678 pastores
1094 2653 1112 2670 a

47 2677 205 2714 Pergamide
224 2676 369 2704 Maledoue
389 2676 459 2712 potis
477 2677 546 2703 sunt.
702 2687 705 2690 ’
745 2675 767 2715 fl
804 2687 818 2704 2
853 2679 971 2715 Compar.
1007 2680 1112 2712 Potior,

41 2716 61 2748 ξ
69 2715 198 2747 κρείττων]
233 2714 344 2746 Melior,
359 2711 539 2748 praestantior.
577 2712 645 2740 Ter.
669 2712 778 2740 Phorm.
799 2722 824 2747 3,
844 2723 870 2746 2,
890 2722 926 2748 48
959 2716 1022 2742 Mea
1051 2716 1110 2750 lege

43 2743 123 2783 vtar,
141 2758 171 2776 vt
182 2749 275 2785 potior
285 2748 331 2781 fit,
349 2747 398 2782 qui
413 2748 491 2784 prior
502 2748 534 2775 ad
547 2747 663 2776 dandum
676 2749 721 2776 est.
736 2780 738 2785 Ι
756 2751 867 2776 Lenonis
877 2759 938 2778 vox.

43 2787 158 2816 Amicit.
172 2794 201 2819 19
220 2786 313 2820 Itaque
327 2785 400 2810 ciues
414 2783 533 2819 potiores
545 2785 612 2816 sunt,
627 2783 707 2820 quain
718 2786 870 2821 peregrini:
906 2793 932 2813 ct
947 2788 1108 2823 propinqui,

39 2834 42 2838 ’
66 2832 128 2851 uam
141 2821 232 2855 aliepi.
325 2820 382 2847 Cic.
395 2819 428 2847 de
441 2819 530 2846 Finib.
539 2828 590 2851 1,11
609 2821 718 2847 Tamen
731 2822 780 2857 qui
791 2822 938 2857 diligenter
948 2824 1024 2857 haec,
1037 2833 1107 2859 quae

66 2854 80 2887 ὲ
93 2857 266 2894 Philosophia
279 2856 367 2883 literis
380 2855 550 2888 mandamus,
570 2855 659 2891 legere
672 2852 827 2891 affueuerit,
845 2858 980 2886 iudicabit
992 2860 1067 2887 nulla
1073 2860 1108 2887 ad

22 2915 24 2918 ,
41 2895 189 2931 legendum
209 2894 250 2920 his
263 2893 312 2919 esse
345 2891 444 2920 otiora.
534 2891 591 2919 Cic.
604 2892 687 2919 Tusc.
700 2903 724 2926 4,
738 2895 773 2927 69
787 2903 808 2920 c.
824 2903 853 2926 32
874 2895 946 2923 Patri
960 2896 1051 2924 dicere
1062 2906 1107 2924 au.

43 2931 108 2964 det,
128 2932 154 2958 se
169 2930 314 2964 coniugem

9 2992 12 2995 .
45 2967 86 2995 let
96 2967 242 3004 potiorque
255 2965 292 2991 est
310 2969 395 3000 patre.
431 2973 461 2990 ex
474 2965 560 2992 Poeta.
633 2965 703 2992 Aera
716 2965 824 3001 potiora
836 2976 903 2995 auro
921 2968 985 2994 Stat.
1000 2969 1066 2994 Silu.
1081 2977 1108 3000 2,

23 3014 25 3018 ·
43 3012 74 3037 2,
85 3006 101 3031 6
120 3024 126 3030 .
173 3034 175 3036 ,
199 3001 278 3038 Apul.
291 3002 357 3028 Met.
373 3009 397 3027 11
410 3007 475 3027 extr.
488 3002 628 3036 p.272,‘36
646 3001 717 3028 Deus
731 3002 818 3029 Deum
831 3012 991 3038 magnorum
1003 3004 1105 3039 potior.

44 3040 80 3069 Μ
121 3049 158 3066 un
169 3039 260 3075 potius
273 3038 364 3064 coenis
375 3036 536 3063 Pontificum
556 3037 624 3064 Hor.
639 3038 728 3064 Carm.
741 3047 767 3070 2,
782 3046 822 3072 14,
834 3045 871 3069 28.
951 3039 1026 3066 Mors
1039 3040 1106 3065 ciui-

43 3075 99 3104 bus
110 3075 238 3103 Romanis
251 3075 355 3109 semper
367 3073 421 3099 fnit
433 3073 562 3111 seruitute
574 3073 668 3109 potior
687 3074 744 3100 Cic.
757 3073 872 3111 Philipp.
888 3084 927 3107 10,
942 3084 978 3110 ις.
1026 3076 1103 3102 Mors

45 3105 49 3110 ί
101 3112 157 3143 ,esta
170 3111 244 3147 turpi
257 3110 314 3136 vita
325 3110 419 3146 potior
437 3108 531 3136 Tacit.
545 3109 576 3136 in
588 3109 652 3136 Vita
666 3110 753 3144 Agric.
767 3118 803 3143 33,
815 3119 847 3138 11.

41 3165 43 3168 -
110 3154 113 3155 ’
125 3147 179 3175 ffll.
193 3157 204 3175 1
217 3155 339 3182 prooem.
412 3145 557 3173 Prudentia
568 3146 661 3182 potior
671 3147 728 3173 acri
740 3145 832 3174 dextra
857 3148 947 3174 Valer.
960 3148 1062 3182 Argon.
1076 3157 1104 3181 4,

47 3182 74 3208 6
96 3185 109 3201 2
215 3183 316 3211 Matius
327 3181 384 3209 Cic.
399 3182 473 3208 Fam.
487 3190 520 3215 ιι,
533 3190 571 3215 24
584 3185 636 3214 (τε)
663 3183 756 3217 Qiare
768 3183 897 3211 maiorem
912 3184 941 3210 in
954 3184 1065 3210 modum
1078 3190 1105 3211 te

48 3225 68 3244 ς
113 3220 136 3252 ’,
152 3224 183 3246 vt
193 3228 250 3247 tem
263 3219 400 3255 potiorem
412 3217 537 3245 oratione
550 3218 628 3245 ducas
642 3229 649 3245 x
684 3217 809 3255 mihique
829 3220 847 3247 fi
867 3220 946 3247 sentis
967 3220 1104 3256 expedire,

48 3261 84 3280 te
110 3262 126 3279 e
136 3253 207 3287 fieri,
224 3255 314 3282 credas
342 3254 444 3281 nullam
476 3255 696 3281 communionem
721 3264 782 3282 cum
791 3255 933 3292 ,improbis
953 3257 1002 3283 csse
1025 3257 1103 3292 poss‘e.

47 3288 186 3316 Sententia
196 3291 287 3325 potior
306 3291 377 3317 Hor.
390 3290 470 3326 Epist.
484 3300 506 3324 1,
519 3296 554 3324 18,
568 3299 606 3327 17.

46 3325 136 3352 ⁴tentia
147 3325 203 3351 visa
213 3326 250 3352 est
267 3326 344 3362 Virg.
356 3327 424 3352 Aen.
438 3335 468 3360 4,
479 3332 541 3362 287.

44 3363 119 3392 eius,
134 3363 228 3388 carius.
262 3361 320 3389 Cic.
331 3363 359 3389 in
371 3362 462 3388 Somn.
475 3363 544 3398 Scip.
560 3371 571 3390 1

47 3396 122 3424 nihil
139 3395 211 3423 mihi
228 3397 316 3432 potius
335 3397 403 3429 fuit,
423 3406 503 3431 quam
513 3405 543 3425 vt
554 3400 715 3427 Masinissam
729 3401 911 3429 conuenirem.

70 3432 175 3465 otiora,
193 3441 262 3467 quae
274 3432 307 3459 ad
318 3433 474 3469 sapientiam
488 3434 634 3468 spectarent
653 3437 710 3464 Cic.
725 3436 758 3463 de
771 3437 846 3465 Orat.
851 3447 874 3472 3,
881 3445 925 3474 79.

44 3440 128 3508 auem
134 3467 358 3505 pluris-facimus,
376 3472 405 3496 in
418 3469 544 3496 amoribus
567 3471 636 3499 Hor.
650 3473 740 3500 Carm.
753 3483 774 3506 3,
789 3481 824 3507 13,
837 3482 854 3501 2

52 3514 58 3518 ·
247 3503 338 3531 Donec
351 3510 440 3539 gratus
452 3513 526 3532 eram
538 3505 598 3538 tibi,

245 3539 306 3567 Nec
319 3540 459 3575 quisquam
473 3540 566 3576 potior
581 3541 692 3572 brachia
710 3543 837 3574 candidae

245 3576 355 3603 Ceruici
368 3576 475 3603 iuuenis
488 3575 583 3610 dabat,
603 3585 648 3606 etc.

40 3611 84 3640 :tt
93 3616 124 3639 tu
135 3611 184 3646 qui
195 3612 288 3647 potior
299 3620 371 3638 nunc
386 3620 428 3643 es,
445 3621 507 3639 mea
518 3612 591 3640 furta
602 3621 695 3644 caueto
712 3617 822 3648 Tibull.
835 3627 857 3652 ε,
870 3619 884 3646 6
896 3622 962 3645 extr·

42 3648 121 3675 ferre
134 3648 241 3675 affiduas
254 3647 359 3684 potiori
372 3653 399 3674 te
412 3647 475 3675 dare
487 3649 581 3676 noctes
600 3650 669 3678 Hor.
682 3652 765 3689 Epod.
783 3664 817 3688 ις,
832 3664 867 3688 13.

41 3686 91 3711 ela
102 3690 227 3717 tutorum,
243 3685 292 3712 Iul.
308 3683 415 3711 Paullus
433 3690 561 3718 receptar.
581 3685 645 3713 sent.
659 3695 686 3719 2,
699 3694 728 3719 28
743 3691 810 3718 Non
825 3690 914 3722 χ-οᾶε,
933 3691 1034 3724 inquit,
1053 3698 1102 3725 po-

49 3719 150 3747 tiorem
161 3720 269 3748 videtur
280 3720 422 3748 nominare
430 3739 437 3750 ‚
455 3720 504 3755 qui
517 3721 620 3747 causam
635 3723 766 3753 nominati
777 3727 892 3762 potioris
905 3734 960 3751 non
972 3726 1100 3759 expresse-

0 3774 1 3777 .
50 3755 98 3783 rit.
133 3755 227 3783 Potior
239 3757 300 3793 quis
313 3757 362 3784 esse
374 3755 469 3788 debet,
488 3764 544 3782 non
556 3756 641 3783 solum
654 3758 738 3792 gradu
749 3763 868 3795 generis,
889 3761 932 3788 sed
945 3765 972 3786 et
985 3760 1101 3795 substan.

41 3791 89 3818 {ia
102 3790 144 3818 rei
156 3791 308 3821 familiaris.
412 3793 473 3818 Vct.
487 3792 710 3833 InterpreQ-Qli
725 3796 816 3831 potior
830 3799 862 3825 ad
876 3797 988 3824 tutelam
1001 3796 1103 3830 eligen-

731 2352 808 2380 Idem
817 2353 926 2381 Phorm.
935 2363 1010 2388 3,3‚2
1029 2355 1056 2383 Si
1068 2355 1115 2383 hie

611 3327 692 3355 Nihil
705 3328 810 3363 potius,
828 3329 853 3356 h.
867 3339 887 3356 e.
909 3329 988 3356 Nihil
1005 3335 1105 3364 exopta.

607 3364 699 3398 Qum
714 3364 744 3390 in
757 3364 877 3392 Africam
889 3365 1014 3393 venissem
1023 3384 1032 3398 ‚
1056 3372 1104 3392 etc.

999 3401 1106 3428 Ducere

999 3437 1105 3471 Potior,

1035 3616 1102 3644 Non

47 3827 100 3854 dus
113 3826 167 3859 est,
182 3835 238 3855 non
256 3829 343 3856 solum
360 3827 464 3869 pupillo
484 3828 589 3862 generis
607 3828 734 3858 affinitate
753 3834 950 3870 propinquior,
969 3832 1013 3859 sed
1025 3838 1051 3858 et
1063 3832 1221 3870 fa-100195.

46 3861 193 3890 :nitatibus
215 3863 294 3895 debet
314 3873 399 3900 magis
424 3863 537 3890 idoneus
560 3872 574 3890 a
594 3864 714 3900 probari.
909 3867 931 3906 q
956 3877 968 3900 3
1005 3868 1102 3904 Sapen-1.

22 3908 24 3911 ’
47 3898 112 3926 Sall.
125 3899 182 3932 lug.
194 3897 239 3933 94,
253 3907 269 3926 2
299 3901 329 3927 de
345 3902 450 3933 Mario,
468 3902 545 3935 Qtae
588 3899 651 3927 ubia
677 3902 738 3928 nisu
761 3903 937 3938 videbamur,
955 3904 1103 3940 potiffimus

43 3939 162 3962 tentare.
233 3935 305 3963 Cura
316 3936 448 3972 potiffima
468 3937 530 3964 Stat.
545 3935 611 3962 Silu.
626 3946 656 3970 4,
668 3946 696 3971 4,
710 3946 753 3964 20.
790 3947 814 3966 et
824 3941 922 3969 Sen.de
930 3940 1100 3972 Benef.6‚16.

12 3992 27 3998 ⁴.
45 3970 131 3999 Plaut.
146 3970 218 3995 Men·
234 3978 260 4003 2,
268 3974 296 4002 ³3,
309 3980 327 4004 9
345 3973 451 4000 Moeret
465 3971 610 4010 potillinms
621 3972 726 4000 nostrae
741 3973 816 4002 domi
826 3982 863 4004 ¹vt
870 3978 917 4004 Tit.
990 3975 1102 4003 Nobili-

43 4011 86 4045 ω
100 4005 230 4043 potissirna
258 4005 326 4034 Plin.
338 4015 381 4044 14,
394 4017 416 4036 2.

414 2389 534 2423 Hospes,
553 2394 684 2429 non-pote
697 2388 814 2417 minoris
833 2390 890 2417 Cic.
898 2392 927 2418 in
939 2392 1024 2419 Bruto
1037 2394 1112 2425 c.46.
1126 2391 1162 2417 60
1177 2386 1378 2418 ministrantem
1419 2391 1556 2427 platanum
1579 2392 1736 2427 potantibus
1760 2393 1878 2421 vmbras.

929 2571 1013 2598 Plaut.
1028 2572 1110 2598 Poen.
1130 2574 1163 2606 65
1178 2576 1239 2598 rant
1253 2571 1344 2606 epulas
1355 2573 1526 2608 potandaque
1541 2573 1607 2600 vina
1622 2573 1749 2600 ministri.

1008 2752 1066 2778 Cic.
1076 2753 1109 2779 de
1123 2763 1159 2790 70
1176 2761 1200 2784 2,
1215 2761 1270 2784 103.

938 3112 999 3138 Pars
1012 3111 1106 3147 potior
1122 3113 1155 3139 80
1171 3117 1196 3137 te
1211 3111 1303 3139 veniat
1317 3111 1352 3139 de
1363 3111 1454 3138 subito
1469 3111 1630 3146 prandium,
1648 3119 1694 3140 aut
1708 3113 1812 3148 potatio
1827 3114 1912 3144 forte,
1931 3119 1978 3140 aut
1989 3122 2080 3141 coena.

697 3291 771 3318 Haec
788 3292 930 3320 alternanti
945 3293 1036 3328 potior
1050 3293 1104 3319 sen·
1116 3296 1148 3325 85

974 3653 1007 3679 In
1026 3660 1102 3680 mate-
1115 3656 1150 3684 93
1169 3670 1216 3674 -—
1251 3654 1311 3682 Post

489 4009 547 4038 Cic.
561 4009 615 4037 Att.
628 4016 654 4043 2,
666 4016 684 4042 9
709 4009 746 4038 Vt
762 4010 826 4040 sciat
838 4012 883 4041 hic
894 4013 983 4042 noster
996 4013 1100 4040 leroso-
1114 4015 1160 4045 [ος
1168 4021 1184 4043 12
1195 4021 1216 4043 v
1226 4020 1246 4042 :r
1255 4019 1276 4041 v
1285 4019 1309 4041 s.

1182 2246 1319 2274 lentorum
1333 2247 1449 2280 incidat,
1465 2254 1527 2274 ante
1543 2247 1659 2276 discedat
1679 2247 1736 2274 Cic.
1752 2249 1836 2276 Tusc.
1848 2248 1874 2282 ’5,
1887 2255 1934 2280 113.

1188 2289 1191 2291 ·
1217 2289 1234 2308 P
1245 2289 1266 2309 o
1278 2290 1299 2310 T
1309 2289 1362 2309 AN
1372 2290 1402 2316 s,
1422 2284 1500 2310 antis.
1521 2284 1618 2311 Partic.
1655 2284 1764 2319 [πίω]
1801 2286 1858 2312 Cic.
1873 2285 1906 2311 de
1919 2285 1978 2313 Fin.
1993 2289 2056 2321 2,6;
2067 2297 2089 2315 c.
2097 2296 2132 2315 20
2152 2288 2190 2315 M.
2198 2288 2251 2316 Re-

1180 2319 1273 2354 guium
1286 2318 1437 2346 beatiorem
1449 2320 1499 2346 else
1513 2328 1593 2354 quam
1607 2326 1745 2355 potantem
1759 2322 1787 2348 in
1801 2323 1861 2349 rosa
1880 2322 2032 2351 Thorium.
2141 2325 2250 2353 Petron.

1180 2365 1202 2381 c.
1218 2365 1249 2389 :4
1269 2355 1392 2382 Potantes
1408 2361 1435 2382 et
1448 2356 1567 2383 lautitias
1580 2357 1718 2384 mirantes.
1836 2357 1912 2393 Virg.
1926 2359 2026 2394 Georg.
2040 2367 2067 2393 4,
2080 2362 2117 2393 46
2137 2361 2254 2396 Iamque,

1997 2396 2105 2423 Vellera
2128 2398 2250 2431 potantia

1179 2428 1286 2455 succum
1300 2427 1465 2463 Aquinatem
1503 2429 1573 2457 Hor.
1588 2428 1668 2463 Epist.
1684 2437 1705 2462 1,
1721 2437 1760 2462 ιο,
1776 2437 1817 2465 27.
1855 2429 1983 2468 Intell1'g7‘t
2014 2431 2044 2458 de
2075 2433 2250 2469 Aquinatibus

1170 2466 1313 2500 purpuris,
1337 2463 1501 2500 quaefimilcs
1509 2465 1575 2501 fime
1589 2466 1691 2500 Tyriis.
2123 2466 2132 2483 ‘¹

1215 2507 1231 2527 P
1244 2505 1264 2526 ο
1274 2506 1330 2527 ΤΑ
1340 2506 1362 2526 Ν
1371 2506 1390 2526 D
1400 2508 1421 2528 V
1430 2506 1458 2531 S,
1478 2509 1491 2527 a
1501 2521 1509 2533 ,
1541 2510 1596 2528 um.
1632 2500 1714 2528 Aliud
1726 2501 1823 2528 Partic.
1860 2501 1983 2537 [ποτέος]
2019 2503 2148 2531 Potandas
2160 2504 2250 2531 nesta-

1176 2545 1207 2562 re
1220 2536 1314 2562 miscet
1325 2544 1405 2571 aquas
1425 2536 1509 2563 Ouid.
1524 2537 1590 2564 Her.
1606 2544 1641 2570 13,
1656 2542 1709 2570 ¹98·
1781 2538 1856 2565 Idem
1869 2538 1936 2565 Fast.
1953 2547 1979 2572 2,
1993 2547 2038 2574 317
2065 2541 2193 2576 Dumque
2205 2550 2250 2575 pa-

1865 2574 1968 2602 Nefftar
1980 2577 2127 2611 potandum
2164 2576 2247 2604 Ouid.

1178 2606 1259 2642 Epist.
1276 2609 1314 2634 16.
1383 2609 1499 2637 Potanda
1513 2609 1603 2637 ferens
1617 2609 1766 2637 infantibus
1779 2608 1864 2637 vbera
1882 2611 1975 2638 quen.
1990 2612 2040 2639 Sat.
2055 2615 2081 2645 6,
2094 2621 2122 2645 9.

1214 2650 1259 2670 Po
1269 2649 1381 2706 TATstV
1392 2651 1414 2671 R
1425 2652 1486 2678 vs,
1510 2654 1541 2680 a,
1564 2655 1620 2673 utu.
1657 2646 1754 2673 Partic.
1791 2645 1861 2674 Ter.
1875 2646 1982 2675 Phorm.
1994 2656 2020 2680 5,
2033 2657 2058 2681 59
2071 2656 2089 2681 9
2110 2648 2188 2684 Apud
2201 2658 2247 2676 me

1195 2684 1316 2707 otatu'rus
1330 2689 1344 2706 e
1370 2702 1376 2708 .
1722 2702 1723 2705 ,

1175 2688 1193 2715 p
1214 2721 1428 2748 POTATVS,
1447 2726 1478 2750 a,
1496 2726 1554 2746 um.
1589 2717 1685 2746 Partic.
1705 2717 1798 2754 Pqffiu.
1834 2717 1951 2752 [ποθεὶς]
1987 2720 2078 2746 Potata
2095 2729 2164 2756 aqua
2176 2721 2245 2749 Plin.

1371 2753 1428 2781 Cic.
1440 2753 1525 2781 Tusc.
1540 2761 1564 2788 5,
1578 2762 1603 2787 13
1618 2764 1640 2782 c.
1654 2762 1668 2788 5
1704 2755 1851 2789 Tanquam
1864 2754 1937 2782 leuia
1951 2755 2083 2789 quaedam
2097 2757 2162 2783 vina
2171 2758 2245 2785 nihil

1172 2788 1264 2851 ἕᾱῗεηᾶε
1295 2788 1326 2815 in
1357 2797 1426 2824 aqua
1438 2800 1444 2816 :
1482 2789 1517 2817 fic
1548 2791 1702 2818 Stoicorum
1733 2790 1781 2817 ista
1808 2790 1892 2825 magis
1922 2790 2035 2826 gustata,
2054 2800 2135 2828 quam
2153 2800 2246 2829 potata

1191 2833 1231 2850 ee
1261 2830 1314 2852 ant.
2146 2841 2149 2846 ·

1201 2863 1225 2887 'P
1237 2866 1258 2888 Ο
1268 2862 1351 2889 ΤᾹΤ
1361 2867 1425 2892 OR,
1452 2861 1517 2888 bris.
1556 2870 1594 2887 m.
1630 2860 1806 2895 Jotaona'rne]
1843 2862 1896 2898 Qai
1919 2863 2094 2898 potationibus
2120 2864 2245 2902 indulget.

1173 2896 1259 2923 Plaut.
1274 2898 1347 2924 Men.
1360 2905 1387 2929 2,
1402 2905 1423 2929 1,
1437 2905 1468 2930 34
1487 2896 1658 2931 Voluptarii,
1677 2903 1758 2932 atque
1773 2903 1908 2932 potatores
1920 2899 2042 2926 maximi.
2114 2900 2180 2926 Plin.
2194 2909 2242 2934 20,

362 2927 444 2955 buiffe
480 2927 577 2961 Illum,
596 2937 674 2956 amor
686 2938 765 2964 quem
779 2929 901 2964 dederat,
921 2932 969 2967 qui
981 2933 1040 2968 plus
1049 2933 1107 2969 pol-
1120 2939 1154 2967 75
1173 2941 1204 2963 23
1225 2932 1312 2958 Radix
1327 2932 1458 2965 cuiusque
1471 2940 1504 2959 ex
1516 2941 1585 2967 aqua
1597 2932 1722 2964 demota,
1742 2933 1911 2968 potatoribus
1924 2934 1996 2962 litim
2008 2936 2097 2962 facere
2108 2942 2241 2963 narratur.

1171 2969 1278 3003 Legitur
1292 2974 1316 2993 et
1328 2967 1481 2995 Potoribus.
1590 2969 1700 2996 Potator
1712 2969 1773 2996 vini
1793 2969 1984 3006 vulg-'Mattln
2000 2980 2035 3004 11,
2050 2980 2089 3005 19.
2161 2971 2238 3009 Conf.

1170 3003 1291 3030 Tertull.
1307 3002 1341 3029 de
1353 3004 1465 3038 Monog.
1488 3012 1510 3030 c.
1526 3008 1550 3034 8.

1207 3045 1361 3066 POTATI
1374 3045 1410 3072 ο,
1430 3039 1499 3066 anis.
1519 3040 1539 3066 f.
1576 3039 1682 3075 [πόσις]
1708 3040 1802 3069 flant.
1818 3041 1900 3069 Stich.
1914 3051 1934 3073 1,
1947 3051 1969 3074 3,
1983 3048 2012 3075 53
2031 3043 2107 3076 Quot
2118 3043 2236 3078 potatio-

1169 3083 1216 3101 nes
1227 3075 1304 3101 mulli
1314 3095 1323 3108 ,
1343 3082 1410 3110 quot
1423 3082 1514 3103 autem
1527 3076 1655 3110 prandia,
1675 3083 1722 3104 etc.
1819 3078 1893 3105 idem
1907 3077 2000 3104 Bacch.
2017 3086 2064 3110 1,1,
2073 3081 2111 3112 46
2126 3080 2154 3107 Si
2167 3080 2238 3114 apud

1170 3147 1251 3182 Epist.
1266 3156 1294 3174 12
1321 3146 1434 3174 Deditos
1454 3148 1521 3175 vino
1533 3149 1638 3182 potatio
1651 3156 1770 3176 extrema
1785 3148 1907 3175 delectat.
2024 3150 2082 3177 Cic.
2096 3150 2129 3177 de
2141 3117 2238 3179 Diieiss:

1172 3192 1193 3216 ι,
1208 3191 1247 3217 115
1267 3184 1296 3210 Si
1309 3183 1392 3210 modo
1408 3184 1563 3218 temperatis
1578 3185 1660 3218 escis,
1682 3185 1849 3219 modicisque
1863 3183 2046 3218 potationibus
2064 3187 2103 3213 ita
2121 3187 2157 3213 est
2175 3188 2238 3214 affc-

1169 3219 1243 3282 1ἶὲὶιιεη
1262 3219 1410 3282 pgilgopito
1432 3229 1547 3256 corpore
1566 3221 1622 3257 ipse
1638 3222 1742 3256 vigilet.
1778 3219 1939 3249 CorreHiora
1965 3223 2118 3258 exemplaria
2150 3224 2238 3260 legunt

1189 3262 1495 3327 ΟὲἓῃΤΑΤοκινς,
1533 3300 1565 3326 a,
1600 3302 1656 3320 um.
1693 3291 1756 3320 Adi.

1167 3327 1260 3391 lerr³o⁵
1271 3338 1326 3391 ἔτι
1337 3369 1360 3391 Τ
1370 3369 1432 3398 vs,
1452 3362 1493 3392 fis.
1533 3374 1571 3392 m.
1608 3363 1688 3399 Apul.
1703 3364 1770 3392 Met.
1785 3370 1802 3399 7
1816 3373 1842 3399 p.
1859 3371 1906 3397 192.
1938 3363 2042 3392 Vinum
2056 3365 2162 3400 potatui
2173 3365 2234 3395 affa-

1169 3404 1223 3463 tmi’
1234 3399 1291 3464 {ilfi}
1293 3409 1318 3464 {71
1320 3409 1396 3470 esris-a
1405 3457 1414 3469 ‚
1434 3446 1489 3464 um.
1527 3435 1622 3465 Partic.
1657 3436 1670 3467 [
1677 3433 1807 3469 πεπωκώς]
1844 3433 1939 3462 Afliue
1951 3442 1976 3463 et
1987 3435 2084 3472 Pqfflue
2095 3441 2234 3474 accipitur.

1803 3292 1856 3319 Vas
1887 3291 2057 3328 potatorium
2093 3293 2161 3321 Plin.
2183 3295 2236 3323 Va-

1118 3482 1156 3508 90
1170 3472 1273 3501 Aelius.
1310 3473 1380 3501 Ter.
1393 3474 1459 3500 Hec.
1475 3482 1494 3505 1,
1507 3480 1534 3503 2,
1548 3473 1585 3505 64
1605 3471 1679 3506 Qud
1691 3471 1728 3497 ais
1742 3472 1752 3497 ἓ
1788 3479 1850 3499 cum
1868 3471 1976 3506 virgine
2000 3481 2052 3500 vna
2082 3473 2235 3502 adolescens

1170 3509 1296 3537 cubuerit
1309 3509 1367 3546 plus
1378 3516 1471 3545 potus,
1491 3509 1544 3534 sese
1558 3508 1604 3535 illa
1623 3507 1756 3534 abstinere
1771 3512 1801 3533 vt
1812 3507 1932 3542 potuerit
1947 3509 1956 3534 3
2043 3509 2155 3537 quenis
2179 3511 2234 3538 Ti-

1169 3544 1236 3573 bull.
1251 3555 1276 3580 2,
1287 3555 1310 3578 5,
1325 3555 1382 3573 100.
1489 3545 1567 3572 Varr.
1581 3544 1614 3572 de
1626 3545 1656 3570 L.
1671 3543 1702 3569 L.
1717 3545 1743 3574 6,
1752 3551 1770 3576 4
1784 3549 1850 3570 extr.
1886 3542 1964 3579 Apud
1977 3543 2061 3572 Plaut.
2075 3545 2104 3572 in
2117 3547 2235 3574 Parasito

1167 3583 1248 3617 pigro
1263 3593 1270 3609 z
1304 3582 1370 3610 Inde
1382 3581 1426 3608 hic
1440 3579 1510 3607 bene
1522 3584 1602 3614 potus
1614 3581 1709 3615 primo,
1725 3579 1890 3613 crepusculo.
1986 3580 2081 3613 Potus,
2091 3580 2148 3616 fine
2165 3583 2233 3610 adle-

1169 3617 1227 3652 ς’ῖο,
1244 3618 1309 3646 idem
1344 3617 1391 3644 uod
1407 3618 1473 3644 Bene
1487 3622 1566 3652 potus
1573 3636 1585 3649 ,
1602 3622 1626 3642 ct
1638 3618 1683 3651 qui
1697 3617 1757 3655 vim?
1769 3617 1886 3643 incaluit.
1941 3615 2011 3643 Hor.
2026 3617 2110 3646 Serm.
2125 3626 2147 3650 1,
2160 3628 2188 3652 4,
2202 3622 2232 3649 88

1326 3628 1401 3681 {mne
1419 3660 1530 3687 quoque
1553 3657 1645 3687 potus,
1665 3650 1782 3678 Condita
1798 3660 1859 3678 cum
1879 3659 1959 3679 verax
1977 3654 2064 3687 aperit
2076 3654 2233 3688 praecordia

1167 3690 1261 3718 Liber.
1461 3685 1482 3723 ff
1505 3696 1517 3714 2
1555 3687 1658 3723 Paffi'ue.
1697 3687 1862 3722 [πεπωμένος]
1897 3687 2056 3717 Medicorum
2068 3699 2125 3716 vox.
2163 3691 2231 3716 Aco-

1168 3727 1258 3754 nitum
1271 3731 1365 3761 potum
1385 3723 1507 3751 Sci-ibon.
1519 3728 1568 3754 188·
1660 3723 1837 3752 Cantharides
1849 3728 1928 3758 potae
1944 3729 1998 3757 189.
2068 3725 2230 3759 Cicutapota

1169 3771 1227 3798 179.
1323 3759 1421 3793 Cyathi
1435 3758 1535 3787 cotidie
1548 3759 1608 3793 poti
1624 3766 1676 3792 183.
1750 3758 1918 3793 Ephemcron
1931 3766 2025 3794 potum
2044 3769 2096 3794 193.
2176 3760 2229 3790 Gy-

1187 3800 1244 3826 sum
1257 3802 1351 3833 potum
1373 3801 1423 3826 182.
1495 3796 1597 3831 Opium
1624 3801 1679 3826 180.
1753 3796 1803 3821 Per
1816 3797 1841 3822 se
1854 3796 1935 3829 (ius)
1954 3801 2004 3829 185.
2089 3795 2227 3823 Pharicum

1291 3834 1361 3859 Ruta
1375 3837 1438 3865 pota
1458 3836 1509 3861 188.
1626 3832 1675 3862 Sed
1686 3838 1710 3859 et
1725 3831 1806 3858 Onid.
1822 3831 1889 3860 Fast.
1903 3841 1923 3862 1,
1935 3834 1984 3858 216
2009 3833 2072 3865 Qto
2093 3831 2150 3867 plus
2167 3830 2228 3856 sunt

1166 3876 1264 3905 potae,
1280 3868 1338 3903 plus
1357 3867 1482 3894 sitiuntur
1501 3874 1595 3902 aquae.
1705 3867 1793 3894 Cadus
1806 3876 1884 3902 petus
1911 3869 1980 3895 Hor.
1995 3869 2083 3894 Carm.
2096 3874 2120 3897 Ξ,
2137 3873 2171 3905 ξς,
2188 3868 2227 3892 16·

1168 3906 1292 3934 Flumina
1305 3908 1367 3938 pota
1381 3903 1456 3929 Getis
1478 3903 1562 3930 Ouid.
1576 3913 1609 3930 ex
1623 3904 1699 3930 Pont.
1711 3912 1735 3936 3,
1749 3912 1778 3939 4,
1786 3912 1827 3936 92.
1937 3903 2065 3936 Sanguine
2079 3906 2147 3927 tauri
2162 3907 2228 3936 poto

1168 3948 1292 3970 mortuns
1306 3938 1425 3966 concidit
1438 3938 1638 3967 Themistocles
1666 3939 1722 3966 Cic.
1735 3939 1768 3966 de
1782 3939 1855 3966 Clar.
1872 3940 1947 3967 Orat.
1960 3947 1992 3971 43
2011 3946 2032 3962 c.
2046 3944 2077 3962 1¹-
2173 3937 2228 3962 Vn-

1167 3979 1202 4005 ‘da
1217 3983 1278 4012 pota
1309 3974 1400 4003 Valer-
1414 3975 1516 4010 Argon.
1531 3978 1558 4008 6,
1575 3978 1620 4010 67.
1818 3973 1840 4013 ff
1864 3984 1878 4008 3
1914 3976 1993 4002 Potus
2005 3974 2024 3998 ι’.
2037 3979 2152 4005 paruus,
2171 3972 2228 4000 vid.

1499 4046 1565 4074 611
1607 4055 1622 4073 2
2001 4029 2004 4031 >
2176 4046 2227 4069 Po-
