2517 4231
70 250 134 288 177
479 231 716 274 MAG
942 199 949 202 *
1583 232 1824 273 MAG
2173 247 2240 290 178

70 324 123 352 Off.
139 333 163 358 1,
185 334 234 356 124.
306 322 410 358 Assequi
446 323 519 350 Idem
539 323 567 350 in
581 323 701 350 Pisone.
774 320 893 355 Capere,
913 322 1120 348 vid.CA1’10.
1221 326 1594 358 MAGNANIMPPAS,
1614 326 1892 358 MAGNANJMVS,
1909 324 1963 351 vid.
1982 329 2145 356 MAGnvs.

69 361 152 387 Cicer.
162 370 210 395 pro
219 360 302 387 Plane.
311 362 345 386 60
365 368 387 385 c.
405 368 431 389 2)-
468 360 610 386 Honorum
625 356 717 392 populi
731 356 792 388 finis
805 356 841 383 est
855 357 1020 389 Considatus,
1041 366 1121 391 quem
1221 363 1247 383 M
1259 364 1279 382 Λ
1289 364 1310 383 G
1323 365 1344 384 N
1359 367 1381 386 A
1395 366 1411 385 R
1426 368 1433 386 1
1448 367 1466 386 v
1479 366 1502 386 s.
1539 360 1734 394 [μεγαλέμποςοε
1744 359 1922 395 Onomastic.]
1943 365 2009 396 apud
2022 363 2163 397 Apuleium
2177 362 2242 391 Met.

69 396 246 431 magistratum
263 396 313 422 iani
328 394 475 430 oftingenti
489 396 545 422 fere
553 393 692 421 Consecuti
707 393 773 420 sunt.
812 394 844 418 Et
851 401 906 418 mox
916 393 1050 419 Commissi
1064 394 1122 420 sunt
1188 399 1281 428 tp.104
1296 394 1404 421 leenh.
1423 402 1470 430 pro
1479 398 1572 431 Magna
1585 396 1734 430 negotiatore
1741 396 1856 430 panitur,
1876 407 1891 421 a
1902 398 2049 431 negotiorum
2063 400 2243 432 ammiratum,

70 433 104 458 iis
119 432 288 466 magistratus·
361 431 526 458 Continuat-e
563 430 623 457 Liu.
634 438 672 462 27,
685 432 708 455 6.
781 429 879 455 Creare
908 429 1011 456 Lucret.
1021 440 1042 462 5,
1064 438 1123 462 1142.
1185 434 1304 461 tanquam
1325 428 1405 453 clarus
1425 433 1450 455 in
1472 430 1585 457 ..hcumlis
1602 440 1640 456 ma
1659 431 1699 456 nis
1712 432 1867 458 nto-taturi„
1906 432 1988 458 Vetus
2005 434 2083 460 Inscr.
2097 428 2162 469 apati
2174 436 2241 462 Gru.

68 468 124 496 Cic.
141 467 172 494 dc
187 468 254 502 Lege
269 469 360 501 Agrar.
376 477 403 500 2,
421 470 450 493 26
478 467 533 493 Iam
545 466 595 492 hoc
610 464 760 492 inauditum
775 471 800 490 et
815 463 891 499 plane
905 474 977 491 nouo
990 473 1076 500 more,
1096 468 1124 490 vt
1148 471 1162 494 ς
1185 469 1234 489 ter.
1249 468 1329 495 283,1
1369 465 1503 492 CORPVS
1524 465 1635 493 CORIA
1662 466 1783 494 IORVM
1802 467 2089 497 MAGNARIORVM.
2109 470 2162 496 vid.
2179 472 2242 497 Tur.

67 504 176 530 Curiata
190 503 246 537 lege
260 503 422 537 magistratus
436 501 590 535 Det11r,'cui
603 501 684 527 nullis
696 500 813 527 comitiis
827 506 886 526 ante
902 500 930 527 sit
948 501 1030 528 datus.
1073 500 1123 526 De·
1185 500 1237 524 neb.
1251 497 1357 534 Aduerf.
1366 508 1402 532 27,
1415 508 1447 526 21.

68 539 165 566 clarare
207 539 280 566 Idem
301 547 351 574 pro
370 540 491 565 Mur-aen.
512 546 534 563 2.
608 537 750 571 Deponere
787 537 859 564 Caes.
883 537 947 564 Bell.
967 535 1034 564 Gall.
1043 543 1067 568 7,
1088 543 1121 565 33.
1222 541 1247 560 M
1259 541 1280 560 Λ
1292 540 1314 561 G
1326 540 1345 560 Ν
1358 541 1378 561 Α
1391 541 1413 561 Τ
1428 541 1444 560 Ε
1457 541 1484 566 s,
1504 535 1569 560 ium.
1589 545 1624 562 m.
1643 537 1678 571 pl.
1701 540 1849 574 optimates.
1887 538 2011 573 Magnas,
2026 547 2241 574 magnatcsfflzya.

66 575 208 609 Defignare
245 576 301 602 Cic.
317 576 388 601 Fam.
405 583 442 605 10,
460 582 480 605 3.
553 572 665 599 Eiurare
701 572 792 599 Tacit.
809 572 948 607 Ann.12,.2.
1019 569 1073 597 Efl'e
1093 569 1122 595 in
1186 573 1250 600 ςάνκ
1260 570 1397 597 Onomast.
1410 571 1527 597 Venvet.
1538 571 1655 605 Inscript.
1669 581 1740 605 qua-n
1751 576 1871 609 produxit
1879 574 2241 610 De1nster.adl{olin.Antiq.

66 611 217 645 magistratu
254 611 314 638 Liu.
329 620 348 640 ς.
420 609 475 636 Cic.
497 616 547 643 pro
561 608 645 635 Plane.
661 614 673 637 8
691 618 714 635 c.
727 617 739 641 3
778 609 854 635 Tum
875 607 1053 641 magistratum
1067 612 1122 630 non
1186 614 1216 638 2,
1229 614 1251 631 12
1271 606 1479 633 MANSIONES
1506 605 1775 636 PALA'I’INORVM
1800 610 1983 638 SALIORVM
2004 613 2025 638 A
2047 612 2243 638 VE'I'EKIBVS

67 646 182 674 Gerebat
192 647 223 680 is,
237 647 283 682 qui
306 650 418 680 ceperat,
432 644 448 671 si
461 645 548 671 Patres
565 644 688 670 amores
703 653 757 670 non
775 650 849 671 erant
863 642 936 670 faeti.
971 642 1041 667 Add.
1050 641 1120 675 Nep.
1138 647 1167 668 10
1186 642 1233 668 ΟΒ
1261 642 1447 675 ARMORVM
1468 640 1701 668 MAGNA'I'IVM
1720 645 1936 673 CVSTODIAM
1963 647 2243 679 CONSTITVTAS,

68 692 105 717 ¹3,
128 693 155 715 3,
177 693 193 710 1.
265 683 360 709 Cicero
373 682 449 707 Vcrr.
463 682 478 707 6
500 683 542 713 (4)
566 688 606 715 137
625 681 683 707 c.61
723 681 805 706 Venit
820 679 851 706 ad
865 686 908 704 me
921 677 1062 703 Heraclius
1083 677 1122 709 is,
1183 676 1504 704 LONGAN1M1TATE
1531 676 1744 704 NEGLECTAS
1774 681 1928 711 PECVNIA
1951 683 2027 710 SVA
2052 682 2245 709 REPARAVE.

67 720 114 753 qui
128 723 183 746 tum'
197 717 374 752 magistratum
390 715 517 748 Syracusis
526 715 656 742 Habebat.
710 716 872 743 Innninuere
884 712 1000 752 dicebant
1015 718 1122 745 veteres,
1185 713 1294 740 RVNT
1333 711 1546 740 PONTIFICES
1584 712 1724 739 VESTAE
1761 713 1783 739 V
1794 717 1812 739 V
1821 717 1842 742 C
1851 718 1872 743 C
1909 717 1978 745 PRO
2009 718 2040 747 M
2049 718 2182 745 AG1ST
2191 719 2244 745 Ro

66 758 130 789 quod
142 755 340 786 nunt-Derogare
352 753 456 784 mribus,
476 757 501 777 et
513 754 702 786 praemgatiuis
716 751 789 783 officii
800 750 894 774 dicunt·
933 748 1121 787 C1c5Verr.1,31
1185 749 1301 776 PROTI
1326 749 1450 776 IACILII
1476 746 1609 776 LVCILll
1636 746 1905 784 PRAETEXTATI.
1944 755 2018 789 Conf.
2038 753 2150 781 Bon-ich.
2163 756 2245 790 Cogit.

66 792 122 817 Cur
139 788 298 816 imminuisti
318 787 359 814 ius
380 787 518 822 legationis
534 788 544 814 3
580 789 636 824 Qu
654 790 681 813 in
695 789 744 813 laco
763 783 907 823 Asconius,
933 784 989 816 Qu
1012 784 1121 818 potesta·
1181 792 1206 821 p.
1224 791 1271 815 158·
1585 816 1588 817 .

66 832 134 855 tem,
155 826 255 859 inquit,
278 824 347 849 suam
362 823 389 849 in
402 822 611 849 administrando
624 832 678 849 non
697 818 845 859 defenderit
858 827 864 850 ς
885 819 1026 846 Imminuti
1041 820 1123 854 magi·
1142 825 1165 853 ¹5
1223 826 1248 847 M
1258 827 1279 846 A
1290 824 1313 847 G
1324 825 1346 846 N
1356 826 1373 846 Ε
1383 826 1406 853 s,
1427 818 1486 846 etis.
1505 827 1541 847 m.
1580 819 1732 859 [μαγνῆτις]
1770 820 1853 846 Genus
1865 821 1958 855 lapidis
1969 823 2145 860 atlseferrum
2159 832 2242 852 astra.

13 874 15 879 ‹
63 861 164 893 stratus,
185 859 269 886 veluti
283 858 424 886 maiestatis
439 860 530 892 laesae,
549 868 610 885 reus
624 858 668 884 est.
704 855 856 890 Infrmgere
875 855 971 882 Cic.de
979 856 1122 890 Orat.1‚24.
1186 857 1283 889 henas,
1304 866 1320 882 a
1331 857 1419 891 patria
1433 855 1565 891 Magnesia
1579 856 1648 881 elifii.
1686 855 1797 888 Pl1n.;6,
1809 859 1834 882 16
1872 858 1945 890 Qxid
1960 860 2024 886 ferri
2038 862 2136 888 duritia
2149 870 2248 897 pugna-

62 895 169 930 1ngredi
207 895 306 922 Sallust,
327 895 355 921 jn
377 894 496 929 Iugurth,
518 904 540 921 ς,
554 904 580 926 43
596 900 638 927 pr.
710 891 784 917 Inirc
821 891 909 917 Cicer.
923 891 1000 918 Verr.
1016 901 1028 918 2
1050 901 1072 919 c.
1085 901 1124 919 10.
1188 894 1244 919 cius
1258 894 1267 919 3
1305 892 1354 919 Sed
1367 892 1437 918 cedit
1453 900 1478 918 et
1495 892 1594 926 patitur
1610 900 1713 923 mores3
1733 891 1848 918 trahitur
1863 901 1976 927 namque
1990 904 2003 920 a
2017 904 2135 930 magnete
2154 898 2248 933 lapide,

62 932 104 957 Sic
117 930 190 958 Idem
204 930 236 957 de
244 931 302 958 Fin,
316 940 338 963 2,
357 940 386 963 74
406 941 427 957 c,
438 940 464 957 22
502 928 575 963 Quid
589 926 687 953 mereri
701 927 769 953 velis
784 926 848 959 iam,
869 935 928 954 cum
942 927 1124 962 magistratum
1187 927 1371 963 domitrixque
1390 928 1437 954 illa
1457 936 1548 954 rerum
1568 928 1691 954 oti-nium
1707 928 1817 954 materia
1830 927 1862 954 ad
1876 929 1955 955 inane
1968 931 2056 957 nescio
2069 933 2132 965 quid
2146 936 2227 961 currit
2242 941 2250 964 ς

63 967 175 999 inieris,
197 973 222 993 et
240 966 266 993 in
282 967 444 994 concionem
459 962 621 993 adscenderis
640 962 694 994 (est
706 962 779 989 enim
794 963 843 989 tibi
859 962 1035 998 edicendum,
1057 973 1124 998 quae
1187 972 1266 999 atque
1282 971 1312 991 vt
1324 964 1436 999 propius
1451 964 1534 994 venit,
1554 963 1656 993 assistit,
1680 970 1838 998 teneturque
1854 972 1879 991 et
1892 965 2031 999 complexu
2046 966 2143 994 haeret.
2180 970 2250 997 Side.

62 1002 92 1029 fis
111 1002 298 1029 obseruaturus
318 1004 345 1029 in
366 1003 426 1029 iure
445 998 577 1028 dicendo:
603 1004 629 1025 et
644 999 750 1025 fortass'e
769 999 850 1025 etiam
866 999 883 1025 fi
896 1000 947 1026 tibi
961 1000 1012 1026 erit
1028 1000 1124 1032 visum,
1138 1005 1170 1024 20
1190 1002 1257 1027 ritin
1277 1000 1313 1026 ob
1333 999 1384 1026 hoc
1404 1000 1459 1026 alio
1480 1000 1590 1026 nomine
1612 999 1759 1034 appellant,
1787 1000 1895 1034 quidam
1911 1001 2071 1028 Heracleon.
2143 1005 2250 1037 Magnes

60 1038 161 1073 aliquid
178 1038 210 1065 de
231 1038 380 1065 maioribus
399 1037 466 1069 tuis,
485 1041 512 1061 et
524 1034 556 1061 de
571 1041 596 1061 te
609 1034 666 1069 ipso
686 1034 775 1067 dices)
794 1035 860 1069 quid
881 1036 1009 1062 merearis
1025 1036 1125 1070 igitur,
1187 1034 1332 1071 adpellatus
1352 1035 1388 1062 est
1408 1034 1440 1062 ab
1461 1036 1619 1068 inuentore,
1645 1040 1674 1061 vt
1688 1036 1783 1062 auftor
1799 1036 1834 1062 est
1850 1035 1999 1067 Nicander,
2019 1038 2045 1063 in
2062 1039 2105 1064 Ida
2121 1033 2239 1073 repertus

60 1081 89 1101 vt
103 1081 128 1101 te
142 1074 212 1101 dicas
226 1075 254 1101 in
269 1084 302 1102 co
315 1073 465 1108 magistratu
477 1071 569 1098 omnia
583 1071 730 1105 voluptatis
744 1072 819 1099 causa
839 1072 973 1099 fa&11r11111
994 1072 1059 1105 esse,
1078 1078 1123 1097 etc.
1190 1073 1316 1106 Namque
1329 1078 1354 1098 et
1368 1071 1455 1106 passim
1469 1071 1619 1104 inuenitur,
1645 1077 1673 1097 vt
1688 1072 1716 1097 in
1726 1072 1852 1105 Hispania
1868 1080 1984 1107 quoquc.
2021 1075 2151 1100 Inueniss'e
2165 1084 2251 1104 antem

60 1110 162 1146 Legere
188 1111 264 1145 Virg,
279 1111 343 1138 Aen.
361 1119 379 1141 1,
398 1116 452 1141 430.
480 1107 499 1134 i.
520 1107 603 1139 viros,
622 1108 708 1141 quibus
722 1109 854 1134 mandetur
867 1107 1042 1143 magistratus:
1063 1107 1124 1142 quin
1187 1109 1273 1134 fertur
1286 1107 1367 1134 clauis
1382 1105 1561 1142 crepidarum,
1582 1113 1607 1133 et
1620 1106 1707 1133 baculi
1724 1107 1830 1142 cuspide
1845 1106 2025 1144 haerentibus,
2038 1119 2119 1144 quum
2133 1119 2251 1139 armenta

56 1147 198 1182 potcstatem
210 1147 287 1182 ipsam
300 1152 324 1170 et
335 1145 543 1179 honoremfinire.
597 1143 653 1169 Cic.
668 1152 719 1177 pro
728 1144 852 1169 Muraen.
864 1152 892 1176 74
912 1145 980 1170 Cato
995 1150 1070 1178 negat
1086 1143 1126 1169 iu·
1188 1145 1312 1179 pasceret.
1362 1145 1430 1169 Haec
1444 1143 1512 1170 I’lin.
1532 1143 1636 1170 Lucret.
1651 1145 1681 1174 6,
1692 1146 1743 1176 906
1770 1144 1860 1169 multus
1874 1143 1919 1179 cst,
1941 1145 1969 1170 in
1990 1147 2139 1181 explicanda
2159 1155 2250 1174 natura

60 1182 162 1209 dicium
183 1181 322 1208 hominum
338 1179 367 1206 in
385 1178 581 1214 magistratibus
595 1178 770 1212 Mandandis,
788 1179 971 1214 voluptatibus
984 1179 1122 1214 corrumpi
1144 1182 1171 1207 25
1189 1181 1260 1205 huius
1274 1180 1381 1215 lapidis,
1419 1181 1507 1213 Qiem
1530 1186 1650 1214 magneta
1671 1184 1767 1206 vocant
1786 1179 1873 1214 patrio
1895 1180 1927 1206 de
1941 1182 2051 1208 nomine
2065 1182 2157 1213 Graii,
2196 1185 2250 1210 Ma-

60 1225 194 1253 oportere.
233 1217 295 1242 lhid.
314 1218 344 1250 76>
379 1215 463 1243 Nulla
475 1224 504 1242 re
519 1214 590 1242 allici
603 1220 705 1242 mentes
718 1214 862 1241 hominum
878 1222 1004 1250 oportere
1022 1215 1053 1242 ad
1069 1224 1122 1241 ma·
1191 1223 1299 1251 gnetum
1314 1215 1377 1250 quia
1393 1215 1422 1242 fit
1436 1215 1529 1250 patriis
1545 1216 1571 1241 in
1586 1214 1686 1241 finibus
1700 1221 1783 1247 ortus,
1805 1220 1849 1242 etc.
1886 1217 1949 1242 Sunt
1961 1218 2024 1242 enim
2036 1217 2155 1253 plurima.
2194 1219 2251 1246 Cic.

59 1254 195 1288 gistratum
209 1251 405 1285 Mandandum,
424 1252 473 1279 nifi
488 1251 626 1286 dignitate.
681 1250 821 1286 Obrepere
835 1251 877 1284 ad,
889 1254 945 1278 vid.
963 1257 1032 1278 OBR
1042 1257 1123 1280 ΕΡο.
1191 1253 1221 1278 de
1229 1251 1323 1278 Diuin.
1336 1263 1353 1284 ι,
1365 1253 1395 1280 86
1415 1261 1437 1278 c.
1451 1260 1488 1284 39.
1564 1251 1590 1278 Si
1604 1257 1753 1285 magnetem
1774 1250 1888 1285 lapidem
1909 1253 1958 1279 effe
1972 1252 2068 1286 dicam,
2089 1253 2135 1287 qui
2150 1255 2253 1282 ferrum

60 1288 191 1317 obtinere
228 1289 298 1324 Nep.
311 1290 346 1319 16,
358 1297 379 1322 3,
397 1296 418 1315 2.
499 1287 630 1321 Occipere
666 1287 758 1314 Tacit.
774 1290 844 1314 Ann.
860 1297 881 1320 3,
901 1296 922 1313 2.
996 1289 1123 1322 Peragere
1189 1288 1221 1314 ad
1242 1288 1266 1314 se
1282 1287 1382 1314 alliciat
1399 1293 1425 1313 et
1448 1285 1559 1314 attrahat
1573 1296 1580 1318 ς
1615 1288 1764 1320 rationem,
1785 1295 1833 1313 cur
1847 1287 1874 1313 id
1890 1288 1934 1314 fiat
1949 1288 1958 1314 3
1984 1288 2089 1315 adferre
2103 1298 2232 1324 nequeam
2248 1298 2254 1318 t

59 1325 116 1353 Cic.
128 1326 199 1352 Fam.
213 1333 244 1352 12.
316 1325 407 1350 Petere
445 1323 639 1357 Qin&il.2‚4.
712 1323 876 1350 Renuntiare
895 1322 988 1350 Cic.in
999 1323 1085 1350 Pison.
1096 1333 1125 1356 13.
1188 1324 1248 1350 fieri
1267 1323 1380 1350 omnino
1399 1332 1476 1358 neges
1493 1324 1502 1349 3
1540 1322 1581 1357 15st
1601 1320 1737 1355 Eidyllion
1752 1332 1765 1353 5
1799 1320 1940 1350 Claudiani
1962 1325 1993 1351 de
2007 1325 2144 1359 Magnete,
2163 1328 2207 1352 vbi
2225 1329 2252 1353 in

59 1361 165 1388 Lentul.
185 1361 215 1388 ad
228 1360 284 1387 Cic.
296 1360 368 1387 Fam.
383 1368 422 1391 12,
443 1369 467 1391 14
503 1360 573 1386 Nam
588 1357 660 1393 quod
675 1357 727 1385 huc
741 1366 886 1394 properent
899 1359 929 1385 in
942 1359 1125 1393 magistratum
1138 1363 1170 1387 30
1184 1361 1275 1395 primis
1294 1357 1411 1394 describit
1423 1359 1533 1395 statuam
1551 1358 1650 1385 Veneris
1670 1368 1682 1384 e
1701 1365 1826 1394 magnete,
1852 1368 1913 1394 quae
1920 1360 2020 1395 signum
2032 1362 2128 1386 Martis
2136 1362 2254 1396 ferreum

62 1397 179 1430 Venire,
199 1402 244 1423 aut
256 1395 403 1423 exercitum
418 1396 536 1428 mittere,
556 1396 657 1422 causam
671 1404 727 1421 non
742 1394 849 1422 habent.
984 1393 1006 1434 ff
1028 1404 1040 1423 2
1078 1397 1125 1422 Ad
1179 1393 1228 1432 soll
1237 1396 1294 1421 mm·
1299 1394 1372 1431 sacro
1383 1397 1479 1430 rapiat.
1515 1395 1603 1420 Multa
1615 1397 1650 1420 acl
1663 1403 1715 1420 eum
1729 1396 1807 1421 locum
1818 1395 1849 1421 de
1861 1396 1981 1431 Magnete
1997 1397 2125 1424 Barthius.
2197 1399 2254 1424 Ma.

49 1432 242 1467 rmagistratum
256 1433 283 1458 in
296 1439 424 1466 concreto,
444 1438 475 1457 vt
488 1433 640 1466 lbquuntur,
662 1433 680 1457 i.
694 1431 801 1457 homines
813 1430 988 1467 magistratum
998 1439 1123 1466 gerentes,
1187 1438 1292 1466 gnetem
1314 1431 1442 1457 nouimus
1457 1429 1609 1457 mirabilem
1625 1430 1673 1457 esse
1688 1430 1756 1457 ferri
1769 1436 1904 1465 raptorem
1920 1432 2057 1466 Augustin.
2079 1432 2109 1459 C.
2123 1433 2156 1459 D.
2172 1443 2198 1460 22
2207 1454 2215 1468 ,
2227 1443 2252 1466 4.

58 1468 120 1505 rstae
133 1469 207 1494 etiam
221 1470 354 1503 pertinent
362 1468 492 1501 formulae
505 1478 513 1492 :
546 1467 577 1493 A.
598 1466 630 1492 ad
643 1467 744 1493 Heren.
755 1477 785 1500 4,
803 1474 836 1502 47
857 1476 879 1494 c.
890 1476 916 1499 35
954 1467 1124 1501 Magistratus
1187 1469 1256 1494 Adit.
1271 1466 1329 1495 isid.
1345 1476 1379 1501 17,
1390 1478 1411 1500 4.
1449 1468 1506 1492 Non
1527 1466 1635 1501 habaffi·
1654 1472 1749 1492 vett-res
1764 1467 1884 1501 cognitam
1891 1469 2019 1502 Magnetis
2032 1468 2084 1494 vim
2097 1469 2254 1496 diram-icem

58 1503 178 1531 officium
193 1504 230 1531 est
243 1512 324 1539 opera
337 1509 363 1530 et
375 1503 516 1538 diligentia
531 1502 657 1537 consequi
671 1502 838 1530 voluntatem
848 1504 965 1530 Senatus.
1003 1503 1077 1530 Idem
1090 1503 1123 1529 de
1188 1505 1224 1529 ad
1228 1502 1425 1538 septentriones,
1446 1508 1534 1527 contra
1547 1501 1666 1527 fullerum
1686 1512 1696 1537 '1
1711 1501 1790 1527 lendis
1804 1503 1940 1529 Bachartus
1960 1503 2064 1538 Phaleg.
2075 1513 2091 1537 v,
2104 1510 2138 1536 38.

60 1541 135 1567 Orat.
147 1549 169 1573 2,
189 1542 229 1573 167
247 1549 270 1566 c.
284 1549 317 1572 40
354 1540 381 1566 Si
396 1539 560 1574 magistratus
575 1538 604 1565 in
618 1538 711 1573 Populi
726 1539 803 1565 Rom.
817 1539 944 1574 potestate
958 1540 1007 1566 ess'e
1017 1539 1124 1572 debent,
1143 1540 1170 1566 35
1226 1545 1251 1565 Μ
1263 1545 1285 1565 Α
1296 1544 1349 1564 GN
1361 1540 1408 1565 ΕΤ
1420 1546 1428 1564 1
1440 1544 1457 1565 c
1469 1545 1490 1565 v
1501 1544 1526 1571 s,
1547 1546 1571 1571 a,
1587 1546 1643 1564 um.
1663 1538 1683 1564 A
1705 1537 1722 1563 i.
1762 1538 1943 1573 [unm-nube]
1980 1538 2072 1566 Claud.
2088 1539 2120 1566 de
2127 1541 2253 1575 Magn.26

60 1576 125 1611 quid
133 1576 292 1603 Norbanum
305 1576 415 1610 accusas,
434 1575 510 1601 cuius
525 1574 675 1602 tribunatus
690 1575 824 1601 voluntati
838 1575 928 1610 paruit
940 1575 1066 1602 ciuitatis.
1093 1576 1125 1600 Et
1188 1575 1324 1601 Venerem
1345 1574 1493 1609 magnetica
1510 1582 1614 1608 gemina
1639 1573 1743 1607 figurat.

42 1639 43 1642 ,
61 1621 111 1647 pro
118 1612 204 1640 Planc.
216 1613 247 1639 62
267 1621 288 1638 c.
301 1621 327 1643 25
353 1611 469 1646 Populus
482 1612 561 1637 Rom.
575 1610 669 1645 deligit
683 1610 866 1646 magistratus,
887 1611 957 1645 quasi
972 1612 1038 1646 reip.
1054 1610 1126 1636 villi·
1227 1617 1251 1638 M
1267 1617 1290 1637 A
1301 1616 1322 1637 G
1335 1617 1357 1636 N
1370 1617 1386 1637 E
1397 1617 1410 1638 s
1423 1618 1433 1637 1
1447 1617 1482 1643 Α,
1500 1618 1538 1636 ae.
1561 1609 1580 1636 f.
1617 1610 1782 1645 [Μαγνησία]
1820 1605 1994 1637 Macedoniae
2008 1607 2094 1646 regio,
2102 1611 2257 1639 Theffaliae

63 1656 106 1674 cos
120 1659 126 1674 z
162 1647 190 1679 in
205 1647 302 1683 quibus
312 1669 320 1681 ,
339 1647 357 1673 fi
374 1656 426 1681 qua
440 1652 576 1682 praeterea
589 1647 625 1673 est
638 1655 688 1680 are,
709 1646 788 1673 facile
802 1648 911 1681 patitur.
966 1647 1011 1674 Sin
1025 1644 1126 1679 minim,
1187 1655 1290 1673 annexa
1311 1646 1379 1673 Plin.
1395 1658 1423 1679 4,
1440 1656 1465 1679 9.
1502 1646 1532 1672 it.
1551 1646 1655 1671 eiusdem
1679 1645 1787 1679 regionis
1803 1648 1926 1679 oppidum.
1963 1646 2003 1681 Est
2017 1654 2042 1672 et
2050 1648 2182 1681 Magnesia
2195 1650 2254 1674 vrbs

61 1684 162 1710 virtute
175 1686 273 1711 eorum
282 1690 308 1710 et
323 1683 479 1710 innocentia
493 1689 631 1709 contentus
643 1682 687 1708 est.
760 1682 836 1709 Idem
848 1683 932 1709 Tusc.
942 1693 971 1716 4,
983 1692 994 1715 3
1032 1682 1124 1717 Epulis
1187 1684 1215 1708 in
1227 1682 1290 1716 Asta
1303 1682 1336 1708 ad
1348 1682 1469 1716 Sipylum
1484 1688 1596 1713 amntem,
1609 1682 1678 1715 apud
1690 1689 1762 1714 quam
1776 1681 1855 1715 Scipio
1868 1680 1999 1712 Afi'aticus
2012 1684 2161 1708 Antiochum
2174 1692 2255 1718 regem

59 1719 259 1754 magistratuum
270 1719 335 1746 fides
349 1719 514 1752 praecinunt.
587 1718 630 1742 Sic
646 1717 716 1752 Nep.
732 1726 764 1750 15,
779 1728 803 1749 4,
817 1727 827 1749 3
865 1717 987 1744 Tradam
1000 1724 1026 1745 te
1040 1718 1123 1752 magi·
1138 1722 1171 1746 40
1187 1728 1279 1753 magna
1294 1719 1363 1744 tlade
1376 1716 1463 1754 affecit
1476 1726 1483 1747 ;
1501 1717 1555 1743 vid.
1570 1717 1774 1749 Li11.37,37.etc.
1847 1717 1880 1741 Et
1892 1716 1982 1742 ciuitas
1994 1716 2051 1743 item
2065 1718 2141 1751 Asiae
2153 1719 2255 1745 minoris

58 1754 159 1782 stratui.
348 1751 370 1791 fl
390 1762 403 1786 3
441 1755 480 1779 De
491 1752 688 1786 Magistratibus
708 1754 824 1778 Romanis
844 1754 901 1779 totis
915 1754 992 1780 libris
1008 1765 1023 1779 a
1040 1753 1124 1780 Paullo
1191 1753 1346 1788 Themistosli
1359 1755 1453 1779 donata
1460 1762 1467 1777 .·
1487 1754 1542 1779 vid.
1557 1752 1659 1786 Nepa,
1673 1761 1711 1785 10,
1722 1760 1740 1783 3.

58 1791 193 1824 Munatio,
212 1791 233 1815 Ι.
250 1788 331 1824 Lipfio
351 1788 506 1822 omnibusque
517 1790 552 1813 iis
566 1788 657 1821 adsum,
678 1791 722 1823 qui
735 1790 779 1814 vel
790 1789 927 1821 vniuerjls'm
941 1792 972 1816 de
983 1789 1123 1824 antiquita.
1225 1796 1252 1816 M
1265 1797 1286 1816 A
1297 1795 1318 1816 G
1328 1796 1351 1815 N
1361 1794 1378 1815 E
1393 1795 1418 1824 s,
1439 1789 1497 1816 ἓῐίς.
1519 1789 1537 1814 f.
1576 1795 1600 1814 M
1611 1793 1634 1814 A
1644 1793 1666 1814 G
1679 1793 1702 1813 N
1714 1793 1730 1812 E
1741 1792 1755 1813 S
1768 1793 1780 1813 S
1791 1790 1824 1819 Α,
1845 1784 1881 1820 pl.
1895 1793 1920 1812 M
1932 1793 1955 1814 A
1964 1789 1986 1813 G
1997 1794 2019 1814 N
2029 1789 2047 1814 l}
2057 1794 2080 1815 T
2095 1795 2111 1816 Ε
2123 1796 2145 1822 S,
2166 1785 2198 1816 is.
2220 1799 2254 1818 m.

57 1824 127 1851 tibus
145 1834 232 1860 egere,
251 1825 295 1850 vel
312 1824 379 1850 iuris
391 1825 502 1859 origines
515 1831 540 1849 et
552 1826 724 1858 antiquitates
731 1823 944 1861 pe7secutisunt,
981 1828 1012 1851 de
1033 1826 1124 1861 quibus
1188 1827 1350 1860 [Μάγνητες]
1376 1828 1420 1860 qui
1436 1831 1459 1851 et
1474 1823 1602 1858 Magnefii
1615 1823 1700 1858 populi
1712 1823 1871 1858 visati-sunt.
1909 1821 2089 1856 L11can.,6,385
2111 1826 2257 1860 FtMagne-

57 1861 99 1887 hic
110 1870 186 1896 agere
200 1859 306 1896 nostrum
320 1869 367 1885 non
380 1858 420 1895 est.
460 1859 622 1894 Satis-fuerit
634 1860 764 1895 indicaffi,
780 1861 846 1886 hunc
858 1862 932 1896 quast
940 1861 1035 1897 cursum
1042 1860 1125 1896 fuzſjb
1187 1868 1226 1888 tes
1241 1861 1316 1896 equis
1330 1860 1440 1893 Minyae
1453 1868 1516 1896 gens
1537 1859 1642 1893 cognita
1663 1859 1754 1885 remis.
1826 1858 1895 1884 Hor.
1912 1858 1963 1885 Od.
1977 1869 2004 1893 3,
2018 1870 2046 1893 7⁵
2067 1867 2091 1891 18
2127 1863 2258 1897 Magness'a

57 1895 255 1932 Magistratuum
274 1902 299 1921 ee
315 1896 447 1929 honorum,
465 1902 496 1921 vt
513 1898 597 1931 primo
619 1896 779 1929 Q1aestores
794 1897 896 1931 fierent,
916 1898 1004 1923 deinde
1017 1897 1124 1924 Aediles
1142 1900 1171 1927 45
1190 1896 1354 1933 Hippolytae
1370 1901 1493 1923 Amazon.
1614 1904 1618 1909 ’

57 1933 172 1966 curules,
191 1938 243 1958 tum
251 1932 404 1964 Praetores,
425 1931 530 1966 denique
543 1932 681 1958 Consules.
718 1927 890 1959 Trib'unatus
902 1934 967 1959 enim
980 1940 1005 1959 et
1016 1933 1126 1960 censura
1227 1941 1251 1960 Μ
1261 1940 1283 1960 A
1292 1939 1313 1960 G
1325 1940 1346 1960 N
1357 1935 1375 1960 ᾗ
1385 1940 1397 1960 s
1408 1941 1417 1960 1
1428 1939 1440 1959 s
1449 1954 1457 1966 ‚
1478 1931 1545 1959 idos.
1583 1931 1601 1957 t'⁴
1641 1932 1779 1966 [Μάγνησις
1793 1933 1804 1965 ]
1840 1931 1913 1967 Qae
1927 1939 1957 1956 ex
1971 1932 2103 1966 Magmfia
2116 1933 2156 1969 est,
2177 1932 2261 1962 Ouid,

57 1974 134 1995 extra
145 1969 210 1994 hunc
221 1967 326 2003 cussum.
381 1967 534 1994 Dietatores
553 1974 578 1993 et
591 1968 713 2002 Magistri
727 1969 856 2003 Equitum
869 1969 1036 2005 Magistratus
1047 1971 1125 2004 plane
1193 1970 1272 2005 Epist.
1283 1979 1315 2004 12,
1336 1980 1350 2003 9
1389 1970 1445 1996 Cur
1458 1977 1574 2003 vnquan:
1590 1967 1686 1994 colchi
1699 1966 1849 2000 Magnetida
1868 1965 1984 1992 vidimus
2001 1967 2093 2000 Argo?

55 2003 286 2037 extraordinarius,
307 2010 338 2029 vt
350 2009 375 2030 et
388 2003 550 2030 Triumuiri
564 2004 632 2038 reip.
641 2004 840 2031 constituendae
853 2014 860 2034 ε
881 2008 990 2040 itemque
997 2005 1124 2032 Tribuni
1225 2013 1251 2032 M
1260 2012 1283 2031 A
1294 2012 1316 2032 G
1326 2012 1348 2033 N
1359 2007 1376 2031 17:
1385 2012 1397 2030 S
1408 2013 1416 2030 1
1426 2012 1447 2030 v
1457 2012 1480 2030 s.
1519 2005 1656 2031 Luci-enta,
1671 2004 1730 2027 1062
1752 2001 1868 2033 Magnesi
1881 2001 1981 2027 semina
1996 2001 2057 2028 saxi.

59 2039 190 2067 militares
205 2039 338 2066 consulari
353 2039 488 2074 potestate.
532 2041 618 2066 Etiam
631 2042 675 2074 qui
689 2040 845 2066 Prouincias
859 2047 975 2075 regerent
988 2049 1039 2074 pro
1053 2042 1129 2066 Prae.
1228 2047 1253 2065 Μ
1262 2047 1285 2064 A
1295 2046 1317 2065 G
1330 2046 1353 2064 N
1364 2046 1381 2064 E
1397 2045 1419 2064 Τ
1432 2045 1454 2062 Α
1464 2045 1483 2062 R
1494 2044 1512 2063 e
1526 2044 1545 2062 H
1556 2043 1571 2061 Ε
1581 2043 1593 2061 s
1603 2054 1611 2067 ,
1633 2043 1670 2061 ae.
1710 2044 1746 2060 m.
1785 2036 1940 2069 Magnetum
1959 2037 2075 2063 summus
2094 2038 2261 2073 magistratus

57 2075 162 2102 toribus
175 2083 220 2101 aut
233 2084 283 2110 pro
297 2075 469 2108 Consulibus,
478 2075 647 2109 Magistratus
660 2075 745 2104 diaes,
759 2077 811 2099 iam
825 2075 977 2108 obseruatum
989 2074 1029 2108 est.
1067 2075 1127 2098 Mt:-
1140 2075 1173 2098 50
1191 2074 1252 2100 Liu.
1263 2082 1298 2106 35,
1313 2082 1344 2104 51.
1915 2105 1918 2107 .
2016 2106 2020 2108 „

55 2107 181 2145 'gistratus
193 2111 220 2135 in
235 2111 378 2144 municipiis
392 2116 416 2134 et
429 2110 530 2135 coloniis
543 2108 702 2139 Duumuiri,
720 2108 828 2133 Aediles
843 2114 888 2132 etc.
1227 2115 1252 2134 M
1262 2114 1283 2133 A
1295 2114 1316 2134 G
1330 2114 1352 2133 N
1363 2114 1385 2132 V
1394 2113 1407 2133 S
1416 2127 1424 2139 ‚
1446 2115 1474 2137 a,
1493 2113 1549 2133 um.
1587 2105 1647 2133 Adi.
1683 2104 1696 2140 [
1710 2111 1800 2139 μένας,
1819 2109 1943 2138 μέγαλεῖος
1957 2109 1970 2143 ]
2008 2109 2091 2135 Paruo
2110 2111 2257 2145 opponitur,

98 2152 124 2172 M
138 2151 160 2171 Α
170 2151 191 2171 G
202 2152 211 2171 1
222 2151 236 2171 s
246 2151 268 2171 'r
279 2151 297 2170 R
308 2151 330 2171 A
343 2150 365 2170 T
376 2150 424 2176 10,
443 2144 513 2170 onis.
534 2143 553 2169 f.
592 2142 671 2178 Apul.
686 2142 719 2169 de
731 2143 828 2177 Dogm.
845 2142 907 2169 Plat.
917 2151 930 2168 2
944 2151 969 2176 p.
981 2151 1004 2172 ις
1014 2142 1125 2168 Elmenlv.
1190 2151 1215 2170 et
1233 2143 1265 2178 qs}
1283 2143 1358 2178 quast
1372 2143 1495 2177 Maginus
1513 2143 1542 2168 ab
1562 2143 1662 2171 obsa‘ato
1680 2142 1753 2167 verhv
1773 2143 1881 2175 Magere
1908 2143 1926 2169 i.
1945 2153 2043 2177 augere.
2115 2148 2167 2171 Hac
2185 2148 2260 2173 etiam

59 2181 136 2214 Qiae
150 2180 282 2207 beneficio
297 2180 353 2206 solo
367 2186 476 2205 naturae
489 2179 670 2213 proueniunt,
691 2178 734 2203 vel
754 2186 822 2210 quae
836 2177 899 2204 solis
911 2177 1061 2210 disciplinis
1075 2183 1126 2203 tra·
1189 2180 1287 2205 indicat
1324 2179 1524 2214 Compar-atinum
1549 2174 1654 2216 Maior,
1680 2177 1864 2210 Super-latinum
1879 2178 2012 2204 Maximus
2023 2199 2031 2213 ‚
2050 2181 2149 2213 quasia
2161 2182 2257 2216 Magis,

58 2216 173 2249 duntur,
195 2221 221 2242 et
239 2215 436 2249 magistratione
447 2214 594 2241 discuntur.
639 2215 682 2238 Ita
696 2211 812 2247 restituit
827 2212 931 2246 Salmas.
947 2216 982 2237 aa(
1001 2212 1084 2239 Solin.
1099 2222 1125 2248 p.
1189 2214 1313 2249 Magi6r‚
1334 2214 1504 2248 Magissimus.
1577 2211 1656 2238 ΝιΙ-ιιΙ
1671 2218 1811 2244 magnum,
1832 2212 1903 2245 quod
1924 2222 1976 2239 non
1993 2214 2028 2240 est
2043 2215 2176 2249 placidum
2198 2219 2257 2245 Sen,

59 2254 101 2285 336
120 2263 132 2278 e
144 2252 215 2287 vulg.
231 2250 354 2285 magistra
367 2249 471 2276 ratione
486 2259 492 2275 :
524 2247 649 2275 Publicae
661 2246 873 2282 magistrationes
887 2247 917 2273 in
930 2247 997 2274 Cod.
1013 2248 1125 2276 Theod.
1143 2254 1172 2278 55
1189 2251 1220 2276 de
1234 2251 1277 2275 Ira
1288 2259 1293 2275 1
1304 2256 1370 2276 extr.
1409 2249 1473 2281 Qio
1487 2246 1599 2281 quisque
1621 2247 1657 2273 est
1676 2246 1778 2279 maior,
1803 2248 1886 2282 magis
1900 2248 1939 2290 est¹
1948 2249 2084 2284 placabilis
2099 2251 2155 2278 irae
2175 2253 2257 2281 Ouid.

0 2297 7 2304 ·
50 2287 113 2324 sunt
128 2287 228 2314 Scholae
245 2287 368 2321 publicae.
1189 2285 1278 2312 Trist.
1292 2293 1321 2319 3,
1336 2293 1366 2317 5,
1382 2294 1413 2317 3¹·
1485 2283 1578 2316 Magni
1597 2283 1717 2309 dicuntur
1737 2282 1858 2316 homines,
1884 2285 1937 2320 Qz
1959 2294 1996 2311 res
2009 2295 2112 2320 magnas
2121 2288 2259 2323 gffrunt,

93 2328 180 2350 MAG
191 2322 283 2349 1's'rR
295 2329 319 2349 A
335 2328 352 2348 L
364 2328 374 2348 1
386 2327 412 2356 S,
430 2331 454 2348 e.
491 2320 551 2348 Adi.
588 2320 636 2347 Ad
645 2318 791 2355 magistrum
803 2318 941 2354 pertinens.
979 2318 1127 2354 Vopisc.in
1189 2329 1219 2346 vt
1230 2321 1380 2346 Alexander
1401 2327 1424 2345 et
1439 2320 1577 2353 Pompeius.
1641 2317 1697 2344 Vid.
1714 2318 1853 2353 Spanbeim.
1873 2321 1902 2345 de
1921 2320 1968 2356 Vsu
1980 2322 2056 2348 Nun..
2071 2324 2129 2359 dff
2140 2333 2165 2350 «ο
2181 2327 2258 2360 p,66⁴

57 2359 192 2387 Saturnin.
206 2368 228 2385 c.
241 2367 269 2385 10
305 2358 408 2384 Romae
432 2357 650 2392 frequentauerat
668 2354 788 2390 pergulas
808 2354 978 2389 magistrales.
1051 2355 1128 2382 Idem
1191 2356 1263 2389 Conf.
1288 2358 1327 2382 Id.
1349 2355 1409 2391 dt-'ffl
1423 2365 1436 2388 7
1455 2361 1481 2390 p.
1497 2363 1551 2385 445.
1625 2352 1737 2388 Magnu·¹
1756 2361 1804 2389 pro
1824 2355 1954 2390 Opulento.
1999 2358 2094 2392 Magna
2115 2365 2141 2386 et
2163 2366 2255 2388 vetere

58 2396 88 2421 in
106 2395 198 2422 Tacit.
224 2403 246 2421 c.
269 2395 285 2421 6
323 2393 380 2427 Qui
399 2401 528 2420 manuum
552 2391 746 2426 magistralium
765 2389 866 2418 iffibus
891 2390 1047 2425 terrorique
1066 2389 1126 2418 sub·
1189 2391 1312 2428 prosapia
1350 2393 1420 2419 Suet.
1434 2389 1547 2417 inGalb.
1566 2398 1620 2417 (με.
1659 2391 1709 2423 Sic,
1725 2390 1834 2424 Magnas
1849 2389 2062 2427 propinquitates
2071 2400 2117 2430 pro
2127 2397 2258 2431 Opulentis

57 2431 149 2458 iaceat.
1139 2426 1175 2451 60
1189 2429 1259 2455 dixit
1272 2427 1347 2455 Idem
1362 2428 1464 2454 Othon.
1482 2436 1504 2453 c.
1516 2436 1534 2453 1.
1608 2427 1719 2461 Magnus
1735 2433 1757 2452 et
1765 2426 1854 2453 Bonus
1869 2427 1914 2454 vir
1926 2429 2130 2464 distinguuntur.-
2151 2431 2255 2460 bonnm

97 2473 124 2494 M
135 2473 157 2492 A
167 2472 188 2492 G
198 2473 208 2491 1
220 2472 234 2492 ς
245 2471 267 2492 Τ
281 2471 300 2491 R
312 2472 322 2491 1
331 2471 352 2491 v
367 2470 390 2489 v
400 2470 431 2499 s,
450 2473 481 2498 a,
502 2473 557 2491 um.
570 2463 631 2490 Adi.
654 2464 694 2490 Id.
712 2462 791 2498 Apul.
804 2462 878 2489 Flor.
891 2473 904 2494 4
918 2472 945 2498 p.
957 2464 986 2497 36
1005 2461 1125 2489 Puer-itia
1189 2465 1281 2491 virum
1294 2464 1371 2491 facile
1386 2463 1517 2496 crederes,
1536 2470 1660 2497 magnum
1676 2461 1792 2489 libenter
1816 2463 1885 2490 Tac.
1896 2465 1984 2499 Agric.
1996 2475 2035 2498 44,
2045 2475 2066 2492 e.
2105 2468 2178 2502 Conf.
2194 2469 2253 2496 Sen.

56 2502 124 2538 apud
141 2500 318 2536 magistriuos.
362 2501 412 2526 Sed
422 2499 552 2527 Stewech.
573 2509 598 2536 p.
609 2509 645 2533 27.
666 2506 691 2526 et
703 2498 882 2526 Elmenhorst.
894 2508 919 2534 p.
932 2508 973 2533 359
996 2505 1022 2526 et
1037 2499 1125 2535 pueri·
1188 2501 1221 2528 ad
1234 2501 1319 2527 Marc.
1329 2509 1352 2527 c.
1362 2502 1397 2526 16.
1470 2498 1521 2526 Vir
1536 2498 1640 2533 ingenii
1654 2499 1743 2533 magni
1764 2498 1846 2534 magis
1870 2508 1949 2534 quam
1969 2500 2035 2527 boni
2050 2502 2132 2529 Liuio
2153 2504 2255 2537 tribuit,

55 2539 92 2565 tia
104 2537 172 2572 apud
186 2546 236 2564 vos
248 2557 257 2570 ,
278 2544 304 2563 et
321 2536 500 2571 magistriuos.
1182 2537 1232 2573 sed
1245 2545 1332 2562 verum
1348 2536 1394 2571 ff
1408 2541 1484 2571 negat
1505 2535 1565 2561 Sen.
1579 2535 1611 2561 de
1624 2535 1665 2561 ira
1680 2544 1704 2568 1,
1723 2536 1758 2562 16.
1831 2536 1929 2571 Magna
1942 2546 2115 2572 nonnunquam
2130 2539 2212 2566 multa
2218 2541 2255 2573 st-

90 2581 114 2600 M
125 2580 149 2600 A
158 2579 180 2600 G
190 2580 215 2599 Μ
225 2579 246 2600 Α
255 2594 264 2607 ,
282 2572 341 2599 atis.
378 2581 404 2599 n.
441 2572 565 2607 [μάγμα]
602 2570 716 2607 Pastillus
728 2578 754 2598 et
767 2570 845 2606 maffii
852 2571 930 2605 futla
942 2580 973 2596 ex
986 2575 1124 2605 ‘unguento-
1184 2573 1311 2608 gnificant
1318 2572 1328 2596 :¹
1346 2572 1401 2598 vid.
1415 2570 1562 2606 Brouckhus.
1575 2574 1612 2597 ad
1622 2570 1733 2599 Tibull.
1747 2581 1767 2602 1,
1777 2581 1797 2605 1,
1808 2576 1830 2598 2.
1903 2572 1963 2599 Alia
1978 2573 2100 2600 Clariora
2114 2575 2182 2611 sunt,
2202 2576 2256 2603 alia

54 2619 108 2636 rum
122 2610 246 2644 faecibus.
297 2609 366 2636 Plin.
381 2618 418 2641 13,
439 2618 452 2635 2
490 2608 571 2635 Siccis
591 2607 722 2635 odoribus
737 2608 867 2640 constant,
883 2615 951 2642 quae
964 2606 1126 2641 diapasmata
1142 2606 1174 2635 65
1188 2609 1295 2636 Maiora
1331 2607 1397 2634 Plin.
1410 2607 1488 2642 Epist.
1503 2616 1529 2639 3,
1541 2609 1575 2634 16.
1798 2605 1819 2643 q
1840 2614 1853 2634 2
1888 2608 1942 2635 Iam
1955 2608 2110 2645 Sulgllarztiua
2120 2618 2253 2646 ponamus,

53 2651 193 2672 vocantur.
228 2645 301 2672 Nam
316 2645 417 2671 faecem
429 2643 561 2680 vnguenti
575 2652 679 2678 magma
694 2643 837 2679 appellant.
912 2643 1018 2676 Magma
1041 2642 1125 2675 croci,
1187 2654 1248 2680 qaae
1261 2645 1303 2670 hoc
1314 2644 1417 2679 epitheto
1431 2644 1519 2678 augeri
1527 2642 1617 2678 solent.
1668 2643 1781 2677 Magnus
1796 2643 1914 2670 Aceruus
1952 2645 2026 2679 VIrg.
2040 2645 2140 2682 Georg.
2156 2656 2181 2683 1,
2204 2655 2252 2679 ¹58·

55 2681 127 2716 quod
149 2679 220 2715 quafi
239 2681 444 2708 Recrementum
465 2681 501 2708 est
521 2680 579 2707 eius
617 2679 685 2707 Cels.
699 2689 730 2714 5,
745 2685 781 2711 18.
819 2681 883 2706 adde
906 2678 1026 2706 Scribon.
1046 2678 1125 2713 Larg.
1187 2679 1319 2715 Achilles,
1339 2680 1395 2708 vid.
1410 2684 1585 2706 ACHtLLEs.
1658 2679 1775 2707 adiutor
1811 2680 1881 2706 Hor.
1897 2680 1979 2707 Serm.
1989 2690 2008 2712 1,
2023 2690 2047 2715 9,
2059 2684 2099 2714 46.
2172 2683 2253 2710 Aedi.

54 2718 180 2752 Compos.
197 2726 243 2750 ¹57·
1186 2716 1235 2743 bus
1250 2725 1283 2743 ex
1320 2716 1358 2743 Id.
1373 2715 1440 2743 ibid.
1453 2724 1476 2748 2,
1486 2725 1508 2748 7,
1520 2724 1550 2741 11.
1625 2715 1736 2749 Aequor
1773 2714 1848 2750 Virg.
1864 2716 1964 2752 Georg.
1979 2728 2009 2751 4,
2022 2724 2074 2749 388.
2149 2721 2251 2754 Agmen

91 2761 116 2780 M
127 2761 151 2780 A
162 2759 184 2780 G
194 2760 219 2779 M
230 2759 251 2779 A
260 2759 286 2779 M
296 2759 317 2779 A
329 2758 352 2780 Τ
363 2759 385 2779 Α
395 2758 416 2779 R
425 2759 465 2779 1v
473 2757 498 2785 S,
511 2751 575 2779 Lm.
587 2754 688 2786 μορεψὸς
703 2751 784 2779 Gloffi
792 2751 850 2780 Lat.
859 2751 906 2778 Gr.
916 2752 1124 2786 Magmamenta-
1185 2752 1224 2780 Id.
1233 2752 1301 2779 ibid.
1310 2761 1329 2785 1,
1339 2758 1385 2785 381-
1461 2752 1571 2778 Amator
1584 2751 1730 2778 mulierum
1768 2752 1850 2778 Plaur.
1858 2752 1931 2779 Men.
1940 2762 1963 2787 2,
1975 2763 1994 2788 1,
2004 2763 2039 2785 43·
2113 2751 2169 2781 Cic.
2179 2757 2249 2784 Fam.

53 2789 120 2823 rius,
140 2796 185 2815 aut
197 2788 414 2823 magmentarius,
433 2788 592 2814 Conietlurae
600 2787 664 2823 sunt
673 2790 820 2814 recentium.
865 2787 906 2824 Est
920 2794 1004 2813 autem
1018 2790 1063 2822 qui
1077 2797 1123 2813 vn.
1140 2794 1173 2819 70
1187 2799 1209 2822 7,
1221 2798 1251 2823 29
1288 2788 1337 2815 Sed
1346 2788 1438 2815 Amice
1453 2795 1547 2822 magne
1561 2787 1618 2813 noli
1632 2787 1698 2814 hane
1713 2786 1851 2822 epistolam
1866 2788 1954 2815 Attico
1967 2787 2113 2816 ostendere.
2157 2792 2253 2818 Μηνί-

49 2832 147 2862 guenta
161 2826 273 2860 conficit,
294 2825 369 2860 quasi
385 2833 471 2859 coquus
484 2826 616 2859 vnguenti.
1185 2826 1245 2860 bus,
1264 2825 1348 2859 inquit
1365 2824 1507 2859 Turnebus,
1527 2823 1617 2857 magni
1639 2830 1713 2849 erant
1732 2824 1808 2849 amici
1825 2824 1930 2850 homines
1939 2831 2065 2859 potentes,
2086 2825 2130 2859 qui
2143 2827 2173 2852 ab
2186 2827 2251 2862 infin

91 2868 148 2888 MA
160 2866 182 2888 G
195 2867 220 2888 M
233 2867 251 2887 E
262 2867 286 2887 N
297 2867 320 2888 'r
330 2868 350 2887 v
361 2867 402 2893 Μ,
426 2866 459 2885 vt
478 2862 519 2885 ait
539 2859 647 2893 Festus,
673 2864 776 2886 veteres
799 2858 926 2886 dixerunt
944 2858 1015 2894 quafi
1034 2859 1122 2894 Magis
1185 2862 1308 2896 rioribus,
1328 2868 1358 2886 vt
1373 2860 1500 2886 clientibus
1519 2859 1639 2894 patroni,
1660 2859 1813 2894 infamantia
1827 2859 1894 2884 ..mni
1907 2867 1931 2885 et
1945 2860 2019 2891 officio
2034 2860 2213 2894 mceffitude'nis
2225 2872 2249 2889 a

52 2903 262 2933 augmentatum.
302 2898 358 2923 Non
380 2897 483 2922 multum
498 2896 556 2921 hinc
569 2896 633 2928 abit,
653 2898 697 2930 qui
709 2897 811 2921 der-luat
824 2896 1018 2930 Magmentum,
1039 2905 1054 2922 a
1066 2897 1123 2923 Ma·
1186 2897 1293 2933 obsequii
1311 2895 1462 2923 colebantur.
1516 2896 1608 2922 quen.
1625 2896 1717 2928 Sans»,
1737 2903 1773 2922 :12
1810 2910 1856 2916 ——-
1877 2894 1925 2922 Tu
1940 2895 2040 2928 calesu,
2060 2896 2118 2923 luce
2132 2904 2247 2928 reuerta,

53 2935 93 2970 gis
109 2945 115 2960 z
142 2933 215 2968 quod
235 2933 267 2960 ad
286 2932 449 2967 religionem
461 2931 545 2966 magis
559 2931 676 2966 pertinet
712 2932 790 2958 Varr.
801 2931 832 2958 de
841 2933 871 2959 L.
881 2933 909 2958 L.
924 2942 948 2965 4,
960 2941 987 2958 22
1008 2941 1033 2967 p.
1047 2941 1088 2965 29,
1108 2942 1122 2965 7
1186 2932 1317 2968 Coniugis
1330 2932 1446 2965 vrinam,
1467 2938 1575 2963 magnos
1591 2932 1696 2957 visurus
1711 2931 1827 2965 amicos,
1846 2931 1865 2958 i.
1881 2933 1947 2958 Dum
1954 2932 2093 2967 Jalutatvm
2106 2933 2128 2958 is
2142 2935 2248 2959 homines

55 2972 91 2996 aa'
109 2979 177 3005 quem
190 2971 267 2996 locum
281 2970 411 3004 Scaliger,
431 2969 497 2994 Erat
508 2970 587 3002 daps,
607 2976 668 3002 quae
685 2967 874 3002 profanabatur
884 2978 901 2993 a
914 2967 1028 3003 riqstic‘is,
1049 2970 1120 2998 lano,
1141 2976 1169 3001 75
1183 2975 1303 3004 potentes.
1377 2969 1477 2995 Amore
1493 2967 1605 2994 dilectus
1642 2967 1715 3001 Virg.
1730 2967 1796 2993 Aen.
1806 2977 1823 3003 1,
1835 2973 1886 3000 248.
1961 2968 2081 3002 Animae,
2094 2970 2117 2995 h.
2127 2979 2147 2995 e.
2162 2969 2247 2994 Excel-

55 3007 174 3039 Siluano,
193 3007 281 3031 Marti
289 3025 297 3038 ‚
314 3007 368 3031 Ioui
388 3004 485 3039 dapall.
528 3003 655 3038 Respicit,
673 3009 732 3039 puto
752 3005 788 3029 ad
804 3005 858 3029 loca
870 3004 980 3030 Catonis
1000 3004 1033 3031 de
1046 3005 1077 3031 R.
1091 3004 1122 3031 R.
1186 3006 1290 3031 lentium
1303 3011 1325 3030 et
1333 3003 1510 3040 praestantiam
1527 3005 1638 3029 vlam-um
1653 3003 1734 3029 animi
1746 3010 1769 3029 et
1782 3013 1874 3031 manes.
1913 3003 2020 3031 Sueton.
2033 3004 2069 3037 Si,
2085 3011 2113 3030 vt
2126 3004 2247 3038 sapienti.

56 3051 100 3074 13²·
122 3051 169 3075 ¹34-
190 3051 237 3075 139.
276 3050 338 3076 quae
359 3042 445 3065 damus
465 3042 493 3065 in
509 3046 673 3066 MACTVS.
746 3040 839 3076 Nempe
851 3046 876 3066 et
889 3039 939 3076 ipse
949 3041 1055 3076 putauit
1069 3049 1124 3067 ma-
1184 3040 1234 3067 bns
1248 3041 1351 3076 placet,
1370 3035 1425 3066 n'on
1445 3048 1505 3065 cum
1523 3047 1637 3074 corpore
1658 3038 1850 3074 extinguuntur
1870 3048 1980 3074 magnae
1999 3040 2111 3066 animae.
2184 3039 2247 3066 Ani.

57 3077 143 3113 aare,
162 3077 282 3111 maftus,
301 3081 483 3111 magmentum
495 3075 542 3111 effe}
553 3077 660 3102 eiusdem
673 3075 800 3110 originis,
820 3082 846 3102 et
860 3083 980 3112 cognatae
992 3076 1124 3112 significa·
1185 3085 1296 3111 maeque
1308 3084 1416 3110 magnae
1431 3075 1571 3110 prodigum
1587 3075 1677 3101 Poeno
1690 3076 1828 3109 superante
1843 3075 1962 3102 Paullum
1986 3076 2053 3102 Hor.
2067 3075 2118 3101 Od.
2134 3084 2196 3109 1,12,
2209 3084 2246 3108 37.

58 3115 141 3140 tionis.
176 3113 278 3141 Arnob.
294 3123 307 3145 7
327 3122 351 3147 p.
362 3121 407 3144 230
428 3118 495 3138 extr.
568 3111 635 3139 Non
647 3117 812 3146 magmenta,
831 3121 886 3138 non
899 3112 1039 3147 augmina,
1063 3121 1119 3139 non
1185 3114 1318 3140 Maiorem
1327 3112 1357 3139 ad
1366 3111 1540 3146 resgerendas
1549 3111 1676 3138 Animum
1686 3111 1816 3137 facitcura
1837 3111 2004 3143 Cic.Offir‚12.
2033 3110 2244 3144 Annius,vi›s.la.v.

59 3147 132 3174 mille
144 3149 240 3184 species
258 3150 302 3177 vel
316 3148 490 3176 farciminum
511 3147 556 3174 vel
577 3147 733 3180 fitillarum,
753 3147 851 3183 quibus
865 3149 975 3174 nomina
988 3148 1122 3175 indidistis
1138 3154 1171 3178 80
1187 3149 1291 3175 Bellum
1305 3149 1534 3182 Vi1·g.Aen.2‚19;.
1571 3147 1681 3174 Calceus
1696 3147 1762 3182 pede
1777 3147 1864 3173 maior
1879 3147 1946 3172 Hor.
1954 3146 1999 3181 Ep.
2010 3155 2028 3176 1,
2041 3155 2078 3179 10,
2089 3156 2124 3179 43.
2161 3148 2248 3182 Caput

59 3181 180 3219 obscura,
198 3186 333 3221 vulgoque
348 3192 377 3212 vt
391 3185 471 3211 efl'cnt
487 3183 639 3219 augustiora
657 3183 764 3212 fecistis.
837 3185 919 3211 Vetus
938 3185 1018 3212 Inscr.
1041 3186 1121 3211 Pata-
1185 3184 1266 3211 Plaut.
1280 3184 1371 3211 Pseud.
1386 3194 1409 3217 4,
1423 3194 1446 3217 7,
1457 3193 1489 3210 21.
1562 3184 1676 3210 Catcrua
1714 3184 1789 3218 Virg.
1804 3184 1867 3208 Aen.
1877 3190 1894 3214 1,
1908 3190 1959 3212 ςωι.
1975 3189 1999 3207 et
2012 3191 2035 3212 2,
2045 3191 2087 3214 40.
2161 3183 2245 3210 Causa

59 3220 138 3248 vina,
157 3222 252 3254 prolata
264 3232 280 3249 a
291 3221 402 3257 Br1ffim.
410 3221 490 3254 fhrm.
507 3230 515 3247 1
533 3229 622 3255 p.104.
662 3220 769 3245 Grutero
785 3228 811 3254 p.
821 3228 864 3252 23,
883 3226 923 3247 12.·
951 3222 1049 3247 Schotto
1064 3221 1121 3256 Ohs.
1185 3220 1289 3247 doloris
1327 3221 1448 3255 Propert.
1465 3230 1482 3254 1,
1498 3222 1533 3254 16,
1545 3229 1580 3252 35·
1654 3221 1795 3247 Certamen
1833 3218 1908 3251 virg.
1923 3217 1976 3244 Ecl.
1990 3227 2012 3251 7,
2030 3220 2063 3244 16.
2135 3218 2247 3246 Clamor

58 3254 152 3280 Philet.
167 3263 192 3287 1,
206 3264 236 3283 11.
255 3265 298 3286 etc.
354 3257 381 3284 Si
403 3257 463 3291 quis
478 3256 523 3283 h-ic
536 3256 624 3283 hostia
638 3256 739 3282 sacrum
753 3255 830 3290 faxit,
851 3256 924 3291 quod
937 3263 1119 3292 magmentum
1184 3257 1258 3284 Idem
1274 3257 1372 3291 Georg.
1391 3266 1420 3290 3,
1439 3266 1488 3290 375.
1561 3256 1652 3282 Coena
1689 3255 1783 3281 Horat.
1797 3255 1879 3281 Serm.
1894 3264 1922 3288 2,
1940 3257 2034 3287 6,104.
2106 3254 2245 3289 Cogitatio

59 3298 107 3316 nec
123 3289 263 3327 protonat,
281 3293 384 3320 idcirco
403 3299 492 3320 tamen
505 3292 590 3328 probe
604 3292 705 3318 faehun
721 3290 767 3318 est.
804 3293 854 3319 Sed
865 3291 968 3328 ostendit
982 3294 1119 3328 Pignorius
1184 3293 1276 3320 Tacit.
1291 3293 1360 3328 Anu,
1374 3301 1415 3324 15,
1435 3302 1471 3324 54.
1544 3290 1681 3318 Concursu
1696 3290 1818 3317 accedere
1831 3298 1926 3324 magno
1962 3288 2059 3323 virgil.
2073 3289 2139 3317 Aen.
2150 3301 2157 3316 1
2168 3311 2176 3322 ,
2199 3299 2242 3323 513.

59 3325 136 3362 Epffst.
150 3325 254 3359 Symbol.
268 3336 297 3358 30
318 3329 386 3356 cuius
398 3330 475 3355 verba
487 3331 592 3364 repetiit
609 3329 699 3355 Sertor.
717 3326 791 3363 that
813 3328 884 3355 Mon.
898 3330 1117 3363 Patau.1‚6p.223
1138 3335 1168 3363 85
1184 3329 1289 3364 Corpus
1309 3329 1387 3356 crass'a
1418 3327 1552 3362 farragine
1590 3327 1663 3354 Idem
1691 3326 1790 3362 Georg.
1816 3336 1841 3358 3,
1865 3334 1925 3364 205«.
2012 3325 2105 3352 Cultus
2131 3326 2243 3354 maximi

53 3362 144 3398 priora
155 3361 233 3386 verba
252 3362 325 3396 Usque
336 3367 372 3390 ad
384 3374 431 3391 nec
443 3364 489 3399 effe
504 3365 535 3391 ab
549 3365 741 3399 interpolatione
754 3363 849 3398 lapidis
861 3365 1005 3392 recentiare.
1043 3366 1118 3392 Seru.
1182 3365 1256 3392 Flor.
1273 3375 1287 3398 4
1298 3384 1306 3398 ,
1327 3374 1349 3392 11
1361 3385 1369 3399 ,
1392 3374 1421 3391 11.
1459 3364 1477 3391 i.
1498 3364 1602 3389 maximi
1620 3364 1707 3398 pretii.
1779 3363 1849 3389 Cura
1892 3358 1989 3400 Virgil.
2010 3359 2109 3396 Georg.
2129 3372 2159 3394 4,
2192 3370 2241 3395 354.

58 3397 201 3430 adAen-4,
214 3405 241 3429 57
262 3397 376 3425 Mariam
387 3400 502 3427 verbum
515 3401 651 3427 sacrorum
687 3414 733 3420 —-
753 3399 823 3434 quafi
837 3400 920 3434 magis
932 3400 1057 3433 audhun',
1071 3409 1119 3425 vn-
1181 3402 1302 3428 Dedecus
1337 3402 1434 3428 Horat.
1447 3401 1531 3428 Serm.
1548 3409 1572 3432 1,
1582 3408 1615 3433 4,
1637 3409 1670 3429 51.
1743 3398 1832 3425 Tacit·
1847 3398 1933 3430 Agslc·
1945 3406 1971 3429 24
2007 3397 2160 3432 Transigite
2181 3408 2242 3425 cum

59 3432 91 3459 de
105 3438 132 3459 et
142 3439 307 3468 nmgmentum
321 3432 450 3472 dicebant,
470 3436 542 3471 quasi
555 3437 640 3463 maius
653 3442 834 3470 augmentum.
871 3437 974 3462 Breuius
985 3445 1009 3463 et
1024 3439 1063 3462 hic
1077 3437 1118 3461 de·
1182 3436 1409 3473 expeditionibus.
1450 3436 1585 3469 Imponite
1607 3434 1797 3469 quinquaginta
1813 3433 1889 3459 annis
1909 3440 2034 3467 magnum
2048 3433 2136 3460 Diem.
2187 3435 2243 3461 Ma«

54 3468 137 3503 fungi
150 3468 243 3494 lscebss!
252 3489 260 3501 2
278 3467 308 3501 st
324 3468 424 3502 dlxfft
436 3472 482 3506 ff’
495 3479 527 3498 vt
546 3473 658 3507 magitus
671 3471 788 3505 madius,
809 3473 847 3498 ita
860 3473 1051 3507 magimentum
1065 3480 1120 3498 ma-
1180 3482 1264 3509 gnum
1276 3473 1356 3500 Diem
1365 3489 1374 3504 ‚
1388 3470 1546 3506 feliciffimae
1566 3478 1590 3497 et
1603 3469 1746 3504 laetljffimac
1757 3467 1877 3494 valeriae
1888 3468 1969 3502 diem,
1990 3478 2035 3503 quo
2048 3468 2132 3495 bellum
2146 3469 2196 3495 erit
2209 3477 2242 3496 to.

60 3510 204 3538 gmentum.
248 3505 312 3529 Sunt
327 3504 370 3538 qni
382 3505 552 3539 Magnentum
560 3509 731 3544 praeferant,
744 3515 775 3534 vt
789 3508 883 3535 Turn.
892 3518 930 3542 22,
945 3510 975 3536 6:
994 3514 1077 3542 nempe
1088 3514 1120 3534 vt
1134 3517 1169 3542 90
1182 3517 1235 3536 tum
1252 3509 1406 3543 confestum,
1436 3506 1509 3534 nullis
1522 3507 1695 3543 superstitibus
1716 3507 1765 3531 eius
1783 3503 1900 3539 reliquiis
1913 3523 1921 3537 ,
1955 3501 2068 3540 appellat.
2109 3505 2242 3532 Turnebus.

60 3539 173 3568 Menbra
191 3540 281 3566 habent
301 3540 402 3574 quidam
421 3541 482 3567 libri
497 3550 543 3579 pro
563 3543 700 3578 membra,
714 3551 760 3571 etc.
805 3545 887 3571 Plura
900 3546 956 3571 vId.
970 3545 1038 3580 apud
1048 3543 1120 3580 Vrsa·
1183 3545 1231 3572 Dii
1243 3545 1332 3580 magni
1368 3544 1445 3578 Virg.
1461 3544 1526 3571 Aen.
1540 3552 1561 3577 3,
1572 3552 1601 3575 13·
1681 3541 1878 3580 Documentum
1904 3539 2008 3580 ‘Horam
2022 3541 2104 3567 Serm.
2114 3551 2131 3575 1,
2152 3552 2178 3573 4,
2194 3550 2241 3567 110,

60 3583 112 3602 tum
130 3577 148 3603 l.
163 3586 183 3603 c.
487 3580 497 3599 ‘-
1183 3582 1239 3608 Dos
1277 3581 1351 3609 mem
1363 3581 1452 3608 earm,
1464 3588 1492 3613 3,
1502 3589 1541 3612 24,
1556 3588 1590 3606 21.
1662 3576 1748 3602 Duces
1782 3575 1857 3603 Idem
1870 3573 1973 3602 lbldem
1987 3585 2009 3610 2,
2021 3583 2040 3609 1,
2051 3585 2084 3602 21.
2157 3577 2242 3610 Eques

99 3619 125 3639 M
140 3619 163 3639 A
174 3617 197 3639 G
208 3618 233 3638 Μ
244 3617 262 3638 E
274 3617 298 3638 N
311 3617 334 3638 Τ
348 3617 372 3638 Α
383 3617 403 3637 R
415 3617 454 3637 1V
464 3616 490 3644 s,
509 3620 534 3645 a,
552 3623 606 3642 um,
622 3615 682 3644 Adi,
703 3616 756 3642 Hoc
763 3624 848 3642 nomen
865 3616 1012 3647 Turn.22‚6
1023 3614 1121 3651 restitui
1183 3617 1258 3645 Idem
1270 3616 1353 3653 Epod.
1363 3628 1386 3650 4,
1407 3626 1438 3647 15.
1518 3615 1633 3641 Exitium
1669 3611 1744 3647 Virg.
1757 3612 1854 3646 Aena,
1872 3620 1927 3645 190.
1999 3612 2046 3639 Fas
2084 3610 2151 3638 Hor.
2161 3611 2241 3647 Epod.

61 3648 119 3674 vult
133 3648 250 3674 Varroni
264 3646 297 3673 de
311 3648 341 3674 L·
352 3648 382 3673 L·
392 3657 414 3680 4,
428 3656 453 3687 ἓῖ
474 3647 518 3672 vbi
525 3649 575 3683 pqst
584 3652 732 3686 Magmenti
741 3652 884 3678 mundonem
892 3651 1017 3687 sequitur,
1028 3652 1120 3685 Itaque
1185 3663 1208 3688 ς,
1217 3660 1254 3686 87.
1327 3652 1441 3680 Fastidia
1478 3650 1547 3678 Hor.
1556 3651 1636 3677 Serm.
1645 3656 1666 3683 2,
1673 3655 1740 3681 4,7g.
1812 3648 1931 3674 Fortuna
1949 3645 2022 3675 Idem
2036 3648 2148 3678 Carma,
2160 3657 2196 3681 27,
2204 3657 2241 3680 74·

62 3689 170 3717 propter
189 3683 239 3709 ¹¹0⁰
260 3689 452 3718 magmenfflrffi
472 3682 532 3709 fana
545 3686 683 3714 constituta
696 3689 754 3714 sunt
767 3689 845 3714 certis
860 3687 940 3719 locis,
961 3696 1015 3722 quo
1028 3686 1056 3712 id
1071 3687 1120 3714 im·
1139 3695 1171 3722 95
1185 3691 1280 3724 Magna
1295 3689 1408 3716 Graecia
1427 3695 1530 3714 vocatur
1543 3694 1585 3711 ara
1601 3683 1692 3710 Italica
1711 3685 1811 3710 vrbilrus
1826 3684 1929 3709 Graecis
1943 3685 2020 3717 culta,
2042 3685 2095 3710 vid.
2114 3684 2220 3709 Graecia
2233 3700 2238 3705 .

63 3725 214 3752 poneretur.
249 3720 342 3754 Nempe
353 3726 398 3755 pro
411 3728 445 3752 eo,
461 3721 526 3754 qaod
536 3719 662 3748 Turnebus
673 3725 730 3749 vult
745 3724 946 3758 magmenta-ia,
955 3724 1046 3748 habent
1058 3723 1120 3749 libri
1184 3727 1226 3752 Sic
1241 3726 1337 3759 Magna
1348 3723 1494 3759 Hesperia,
1514 3721 1592 3747 ltalia
1606 3719 1640 3754 est
1652 3730 1658 3747 ς
1677 3719 1798 3755 Utrinque
1812 3726 1881 3745 notat
1893 3727 1978 3745 nornen
1992 3719 2101 3754 regionis
2113 3718 2188 3744 latius
2199 3727 2239 3742 ex»

63 3760 210 3788 mentum,
235 3756 290 3788 vel,
308 3762 338 3781 vt
356 3756 422 3782 Scal.
436 3755 531 3789 edidit,
552 3760 683 3784 montana.
755 3761 820 3786 Sunt
837 3767 916 3785 autem
928 3759 1122 3794 Magmentaria
1184 3761 1287 3796 tensum.
1361 3760 1454 3787 Gratia
1468 3757 1554 3784 maior
1567 3751 1678 3782 debetur
1690 3754 1733 3783 illi
1770 3756 1839 3782 Hor.
1848 3755 1930 3781 Sei-m.
1941 3763 1958 3787 1,
1967 3756 1993 3785 6,
2003 3761 2036 3785 ¹8-
2093 3755 2173 3783 Grex,
2186 3752 2240 3776 vid.

63 3789 140 3822 fana,
163 3790 225 3825 Vasa
231 3789 324 3824 sacra,
336 3792 423 3825 quibus
436 3797 577 3826 magmenta
591 3798 615 3816 et
627 3798 685 3818 exta
692 3793 768 3828 sacra
781 3795 893 3831 Impaſsta
904 3805 964 3821 arae
975 3795 1120 3829 infereban-
1184 3803 1283 3823 GREX.
1357 3792 1468 3831 Magnus
1488 3793 1571 3835 hqmo
1589 3797 1637 3827 pro
1649 3790 1742 3827 stolido
1753 3791 1805 3817 dici
1819 3799 1994 3824 nonnunquam
2016 3791 2125 3816 videtur.
2159 3790 2240 3826 7(ξε-γι(

63 3832 114 3851 tar.
150 3825 230 3853 Vetus
242 3825 348 3852 lexicon
360 3827 416 3853 Lat.
427 3827 474 3854 Gr.
489 3830 819 3864 MAGMENT‘ARWM,
840 3831 878 3863 ἐφ’
897 3829 912 3858 ἔ
931 3835 962 3857 τὰ
987 3834 1120 3864 σπλάγχνα
1182 3832 1221 3858 ita
1235 3831 1327 3868 accipit
1341 3831 1464 3861 Mem-lius
1484 3828 1565 3854 Plaut.
1576 3825 1636 3854 Mil.
1649 3838 1676 3860 3,
1696 3836 1722 3860 3,
1734 3825 1773 3858 '48
1811 3827 1855 3852 vbi
1866 3832 1912 3860 pro
1927 3825 2122 3860 magnidicum,
2142 3830 2241 3847 cincin-

61 3861 216 3892 ἂνατιθέμενα
233 3864 284 3892 τοῖς
303 3865 388 3895 βωμοῖς
408 3867 586 3896 προσφέροντα.
641 3863 728 3898 ltaque
743 3865 935 3901 Magmentarja
954 3867 1013 3894 vasa
1038 3868 1120 3903 legere
1128 3873 1287 3901 mmmmm,
1299 3869 1361 3904 legit
1379 3859 1504 3899 magnum
1524 3863 1621 3890 illum:
1640 3869 1664 3890 et
1677 3862 1766 3889 laudat
1783 3861 1880 3889 Lucilii
1891 3861 1986 3896 veaefttm
1999 3864 2066 3895 apag
2080 3859 2191 3896 Vni-ron.
2206 3856 2238 3882 de

63 3898 131 3933 apud
149 3899 281 3922 Varronem
293 3898 365 3931 fhree
378 3899 434 3933 quis
451 3899 534 3925 malit.
1181 3903 1254 3932 L,L,
1267 3907 1300 3938 6,
1321 3913 1331 3935 3
1352 3909 1429 3936 p.71‚
1451 3903 1481 3926 26
1520 3897 1643 3934 Nequam
1663 3905 1689 3926 et
1709 3906 1819 3932 magnus
1841 3898 1940 3929 homo,
1961 3897 2093 3923 laniorum
2120 3893 2240 3918 ’nimam'

102 3938 128 3960 Μ
144 3938 166 3959 Α
179 3937 201 3958 G
215 3937 238 3958 N
251 3937 274 3958 A
284 3937 301 3958 L
311 3940 321 3960 ι
334 3940 368 3966 Α,
388 3934 452 3961 ium.
473 3943 500 3961 n.
540 3933 578 3961 Pl.
616 3935 770 3969 [μεγαλεῖα]
807 3937 852 3963 Res
863 3947 966 3972 magnae
979 3945 1053 3973 atque
1066 3936 1120 3963 illu.
1183 3948 1258 3967 canes
1274 3945 1317 3965 vt:
1336 3937 1380 3962 vbi
1393 3942 1461 3962 notat
1470 3936 1591 3970 Scaliger,
1600 3934 1674 3960 etiam
1687 3935 1851 3970 Aristophani
1862 3939 1939 3965 μέγαν
1953 3932 1996 3967 eſje
2004 3930 2127 3966 stolidum·
2165 3927 2242 3963 Salsae,

56 3967 130 4005 1[ἶνες.
174 3967 293 3994 Tertull.
312 3968 344 3995 ad
357 3970 480 4005 onr-a,
490 3980 504 4003 7
530 3970 611 3997 Sensit
624 3970 769 4005 magnalia,
790 3970 858 3999 vidit
871 3969 1069 4009 ex‘perimenta,
1089 3974 1119 3998 de
1176 3976 1258 4010 sibae
1265 3972 1406 4011 spelman,
1427 3971 1544 3999 Martial.
1559 3981 1584 4006 9,
1594 3980 1616 3998 ςι

62 4004 165 4029 muliere
179 4004 254 4037 fideli.
296 4004 380 4030 Vtitur
390 4006 464 4031 etiam
477 4006 603 4041 Cyprian.
614 4007 670 4032 viil.
686 4006 795 4032 Borricb.
810 4008 953 4046 Cogitat,p‚
969 4018 1017 4044 ¹57·
1059 4008 1119 4045 Vsus
1290 4008 1431 4045 Ingenium
1446 4006 1530 4041 mihi,
1550 4008 1654 4039 Gaure,
1675 4003 1769 4040 probas
1784 4002 1815 4030 sic
1832 4004 1880 4029 effe
1893 4001 2023 4037 pusillum,

1133 4052 1143 4072 Ι

64 4039 98 4075 est
112 4035 379 4104 vulgatuzsnzerriffs
402 4041 460 4069 Aa.
473 4050 504 4077 2,
515 4051 535 4070 11
554 4042 688 4078 Magnalia
701 4041 900 4070 miraculorum.
1127 4078 1130 4081 ι
1144 4052 1176 4076 ος
1340 4044 1467 4107 Carzmlna
1483 4042 1555 4079 ‘1⁰0³
1574 4043 1689 4077 fatiam,
1708 4049 1774 4075 ‘luae
1789 4040 1917 4068 bremme
1928 4037 2040 4071 Phoem'
2086 4067 2240 4098 Confiteor,
