2517 4231
8 47 35 69 ιο,

65 214 127 256 813
462 199 492 244 Ρ
574 202 608 244 Ε
693 200 726 243 n
1582 178 1729 244 r'E
1812 204 1844 244 R
2173 224 2241 268 814

64 296 207 330 [tatum.
224 294 370 329 Ιπιτριπιιν]
409 295 520 326 Dedere,
557 293 715 320 Pet-mittere
729 291 780 319 sese
793 289 924 318 militibus
945 291 1005 318 Liu.
1027 300 1064 323 24,
1084 301 1124 325 30.
1219 297 1354 319 Pramo
1366 297 1455 328 Tin,
1475 292 1546 320 onis.
1583 293 1603 321 f.
1638 292 1817 328 [κατάκίνησις]
1852 293 1909 321 Cic.
1923 298 2002 326 Acad.
2016 310 2083 334 4,13ς
2101 303 2246 332 Mediocri-

66 331 220 359 Permittcre
233 333 258 358 se
274 331 335 358 fidei
393 331 437 356 vel
448 330 475 356 in
489 328 569 356 fidem
585 336 610 356 ct
624 328 776 364 potestatem
793 327 905 353 alicuius
941 327 1043 354 Caesar.
1059 329 1123 355 Bell.
1185 323 1260 354 tatcs'
1270 327 1309 352 illi
1330 328 1494 364 probabant,
1531 334 1556 355 rt
1578 329 1605 355 in
1620 329 1790 364 permotione
1805 330 1949 358 naturalem
1964 335 2088 364 volebant
2102 340 2150 366 effe
2164 349 2247 374 quen-

55 366 131 394 ›GalL
145 375 167 398 2,
179 375 200 400 3.
218 375 241 392 et
254 374 276 399 ς,
289 375 300 406 3
315 353 382 392 exir.
491 366 550 392 Liu.
563 367 601 397 36,
615 373 651 400 ²7«
659 370 723 391 extr.
744 363 816 390 Haec
829 371 880 388 vna
896 363 940 389 via
954 364 1076 391 omuibus
1090 363 1123 391 ad
1184 362 1245 388 dam
1260 362 1380 390 modum.
1463 366 1536 392 Idem
1550 364 1581 391 dc
1598 365 1689 392 Diuin.
1708 376 1725 396 1,
1741 371 1772 398 89
1785 375 1805 392 c.
1818 375 1855 398 40
1875 366 1993 394 Alteram
2007 373 2101 398 mentis
2114 375 2246 403 incitatio.

63 402 171 430 salutem
185 402 240 429 visa
255 401 307 434 eli,
334 409 363 428 vt
376 401 403 428 in
416 400 496 428 sidem
512 401 538 427 se
552 401 737 436 permitterent
751 399 944 426 Romanorum.
998 402 1068 427 Alld.
1083 399 1122 427 Id.
1185 407 1218 423 ne
1230 403 1256 423 ct
1269 400 1440 432 per-motione
1455 400 1566 427 diuina?
1708 401 1846 429 Pcrmotio
1858 409 1882 429 et
1895 402 2074 438 Conciliatio,
2108 411 2247 438 contraria.

61 437 81 466 I.
93 447 111 474 2
126 445 150 463 et
166 443 189 468 8.
260 438 417 464 Permittcre
431 438 455 463 se
469 437 497 463 iu
511 436 674 463 deditionem
686 433 798 460 alicuius
817 434 877 461 Liu.
890 440 912 464 8.
1064 433 1085 472 q
1104 444 1124 469 4
1146 437 1162 463 3
1182 433 1242 459 Cic.
1255 432 1286 472 de
1301 434 1377 461 Orat.
1391 443 1413 467 2,
1429 438 1473 462 216
1487 445 1508 463 c.
1524 445 1550 469 53
1567 445 1634 464 extr.
1657 437 1705 464 Illa
1721 442 1825 471 autem,
1845 446 1912 473 quae
1924 444 1969 466 aut
1981 441 2174 471 conciliationis
2188 454 2247 472 cau.

61 470 263 508 Frequemr‘ffi'me
276 473 324 507 est:
362 473 518 500 permittere
554 470 715 507 [ou-ymb,
739 472 843 506 aevum]
880 472 1032 501 Conceden,
1064 473 1123 497 tole.
1184 469 1210 495 sa
1224 468 1339 509 leuiter,
1357 476 1401 496 aut
1416 472 1593 504 permotionis
1608 472 1780 500 vehementer
1792 481 1920 508 aguntur,
1936 476 2082 502 contrariis
2092 486 2248 508 commone.

61 517 131 540 rare,
147 509 232 540 finere.
270 509 327 536 Cic.
341 509 499 541 Tust.1,103
511 517 533 534 c.
546 516 573 539 ⁴3
599 505 731 532 Praeclare
745 505 772 532 id
787 506 911 540 quidem,
932 507 979 541 qui
994 512 1020 534 ct
1033 507 1123 534 amico
1184 503 1265 531 nibus
1279 505 1417 532 tntcrenda
1437 507 1513 541 sunt,
1535 515 1564 535 vt
1582 508 1664 542 odio,
1688 509 1889 542 beneuolentia,
1911 509 2116 545 misericordia,
2142 513 2248 542 inuidia

82 537 229 575 amiserit,-
251 551 277 571 et
292 546 315 571 se
331 545 475 571 ostenderit
489 543 521 570 de
533 542 584 569 hoc
597 547 655 568 toto
669 549 764 575 genere
779 542 846 569 nihil
861 542 990 569 laborare.
1070 541 1123 568 Ti.
1184 540 1305 579 tollatur.
1380 541 1454 569 Idem
1473 542 1551 570 Acad.
1567 553 1597 580 4,
1613 552 1649 578 135
1681 546 1766 578 Atque
1780 545 1820 572 illi
1836 545 1945 579 quidem
1957 547 2038 574 etiam
2056 547 2158 574 vtilitcr
2177 558 2190 575 a
2205 559 2249 577 na-

57 553 105 613 gi,
125 587 213 615 pater,
233 582 413 616 pet-mutunus
432 580 500 606 Ter.
514 576 624 611 Adelph.
639 585 662 612 ς,
678 585 703 610 9,
716 582 749 609 38.
859 578 962 613 Cogere
977 585 1000 603 ct
1014 577 1122 603 Permit-
1184 582 1244 602 tura
1258 575 1381 604 <licebant
1393 578 1578 612 permotiones
1591 579 1651 606 illas
1666 580 1762 606 animis
1773 581 1869 608 nostris
1885 582 1972 609 datas:
2006 589 2119 616 metum,
2139 585 2247 611 cauendi

62 623 133 649 tere,
157 617 286 643 contraria
307 616 409 644 Αυὸωι·
421 615 454 643 ad
467 615 586 642 Herenn.
601 621 625 646 2,
641 620 674 645 ις.
772 613 929 641 Permittcre
943 613 1045 650 aliquid
1059 612 1123 640 libe·
1139 614 1168 634 ¹0
1184 611 1273 651 censa:
1313 612 1539 645 miscricordiam,
1559 616 1823 650 aegritudinemque,
1843 617 2033 645 clementiae?
2049 619 2131 655 ipsam
2145 619 2250 646 iracun-

58 660 121 680 γυνη
139 651 198 678 Liu.
215 661 247 685 31,
265 673 272 679 .
295 672 301 679 .
320 661 344 679 er
364 661 403 687 37,
417 659 443 686 7.
557 650 638 676 Arma
650 648 780 683 permittit
795 649 900 684 populis
929 650 1025 675 Lucan.
1039 658 1062 682 7,
1078 658 1123 681 123.
1184 646 1273 687 dmm,
1299 647 1467 675 fortitudinis
1486 649 1557 682 quasi
1576 657 1663 677 cotem
1680 652 1729 678 effe
1745 651 1876 680 dicebant.
1966 654 2066 682 Mentis
2074 655 2250 691 permotione

32 684 35 685 ⁷
58 687 184 714 'Feminas
199 688 317 715 maribus
341 684 472 715 Columel.
487 687 514 717 6,
529 693 567 717 24.
666 684 787 712 Habcnas
801 693 872 720 equo
895 684 992 711 Tibul.
1007 697 1030 718 q,
1047 694 1066 718 1,
1078 693 1121 718 92.
1183 691 1278 715 malms,
1291 691 1370 717 quam
1387 690 1480 710 natura
1496 684 1559 711 haec
1574 686 1699 712 sentimus
1730 687 1788 714 Cic.
1804 688 1836 714 de
1850 688 1942 716 Diuin.
1957 698 1983 724 2,
1998 700 2020 723 9.

60 723 217 752 Iracundiae
234 724 345 751 alicuius
365 720 467 756 aliquid
502 720 560 747 Cic.
574 729 623 755 pro
639 720 708 747 Sulla
721 724 765 755 46.
882 720 986 747 Iudicio
1004 720 1124 752 alterius,
1222 725 1236 744 Ρ
1247 725 1263 746 Ε
1274 724 1293 745 R
1305 725 1329 758 M
1339 725 1358 745 o
1370 725 1392 746 'r
1403 724 1424 746 ο
1435 742 1443 754 ,
1460 724 1515 747 are.
1553 721 1626 747 Vino
1639 723 1781 757 permotati
1789 722 1922 753 honorem
1931 725 1974 753 illi
1995 726 2129 763 (Baccho)
2151 727 2250 756 dedere

58 766 105 795 pro
117 760 233 786 Alterum
239 760 327 794 fhcere
339 758 458 790 iudicem,
495 763 519 782 et
532 766 563 782 cx
580 756 631 782 eius
645 757 757 782 arbitm‘o
768 758 852 782 omnia
860 754 971 790 statuere
1007 756 1124 783 Terent.
1182 754 1372 782 Commodian.
1388 755 1511 782 [11111υᾶ.
1525 764 1589 783 c.12.

62 794 172 822 Phorm.
184 804 207 828 5,
222 800 246 829 Β,
261 796 300 828 56.
427 793 483 820 Cic.
498 793 576 819 Verr.
590 800 612 825 5,
628 801 654 818 22
683 792 779 819 Facere
791 790 974 818 coniecturam
989 791 1043 818 sine
1062 801 1123 818 mea
1143 793 1170 820 15
1222 796 1326 818 PERM
1336 797 1357 816 v
1367 796 1384 817 1.
1394 797 1411 818 c
1421 798 1437 818 Ε
1449 797 1486 826 O,
1504 791 1538 824 si,
1559 792 1615 818 sum
1635 799 1660 818 et
1679 792 1767 826 fium,
1785 797 1840 821 ere.
1897 795 2083 834 [καπαθίλγω]
2138 799 2251 836 Studiose

60 831 290 866 argumentatione
303 828 436 855 iudicibus
454 828 514 863 ipsis
529 828 680 864 permittam
691 848 700 861 ,
738 827 810 862 quod
829 826 879 852 hoc
897 835 978 860 genus
996 826 1123 861 praedan-
1185 827 1307 861 mulcere,
1332 827 1428 858 lenire,
1452 825 1561 858 mollire,
1586 827 1721 863 mitigare,
1745 830 1838 855 leniter
1855 834 1997 860 atti-efflare.
2071 834 2127 862 Cic,
2143 835 2175 862 de
2188 835 2254 863 Νη,

60 867 92 893 di
129 874 176 894 etc.
284 864 442 892 Inimicitias
463 874 523 891 cum
537 864 629 899 aliquo
644 864 768 897 susceptas
782 861 953 896 Reipublicae
967 863 1124 896 permittere
1187 862 1268 888 Deor.
1283 871 1312 894 2,
1335 871 1370 894 114
1410 864 1493 890 Aram
1512 871 1591 896 quam
1603 863 1668 889 fiam
1679 863 1827 898 permulcet
1840 865 1947 900 spiritus
1961 869 2059 897 Austri.
2115 873 2153 897 Ex
2166 873 2251 898 Porta.

60 886 116 929 Ciz.
131 910 180 936 pro
193 900 262 928 Sext.
276 908 316 935 72.
431 901 485 927 Lex
498 900 589 933 iubet,
613 905 658 926 aut
670 898 819 934 permittit,
853 902 897 924 aut
914 903 985 923 vetat
1005 897 1077 924 Idem
1091 897 1124 924 de
1186 897 1302 932 Terque
1316 907 1395 925 manu
1408 897 1546 934 permulsit
1560 907 1622 926 cum
1657 899 1740 926 Ouid.
1755 899 1820 928 Fan.
1832 911 1864 934 4,
1877 911 1924 932 ⁵5¹-
2017 905 2074 933 Cic,
2090 906 2121 933 dc
2134 907 2209 935 orat,
2224 917 2254 941 2,

58 938 165 966 Jnuent.
181 944 206 970 2,
221 946 260 968 ¹45
273 945 295 963 c.
309 944 355 969 49.
428 936 576 964 Licentiam
590 935 745 970 permittere
762 933 836 961 Idem
844 933 987 966 Tusc.1‚6.
1044 933 1123 969 Virg.
1185 941 1224 965 315
1240 943 1262 961 c.
1274 939 1307 968 78
1343 935 1432 962 Prima
1446 935 1483 961 est
1501 934 1572 969 quasi
1591 934 1711 969 cognitio
1724 941 1750 962 et
1762 937 1957 965 commendatio
1966 940 2100 968 orationis
2111 943 2141 969 in
2155 943 2254 978 priuci-

25 971 43 1000 -ζ
57 974 129 1000 Aen.
149 981 174 1005 1,
200 980 243 1005 544
288 973 400 1005 Q1ae11c
419 972 488 999 hunc
508 979 561 999 tam
575 970 685 999 barbara
693 971 800 998 Morem
873 968 1007 996 Permittit
1021 971 1123 1005 patria?
1138 974 1170 992 20
1185 969 1248 1003 pio,
1265 978 1332 1004 quae
1346 971 1477 999 continuo
1492 979 1572 1004 eum,
1589 971 1636 1005 qui
1649 971 1740 1005 audit,
1760 973 1926 1006 permulcere
1938 982 2016 1010 atque
2031 976 2139 1005 allicere
2164 979 2254 1007 debet,

39 1015 41 1019 ·
55 1008 211 1038 Negotium
225 1008 305 1035 alicui
321 1014 406 1035 totum
420 1009 591 1044 permittere,
611 1007 690 1041 seque
702 1006 731 1032 in
745 1006 802 1033 eius
816 1005 943 1040 potestate
957 1005 1019 1032 fore
1034 1005 1124 1032 dicere
1185 1005 1283 1032 Solatia
1295 1005 1367 1033 vitae
1379 1007 1547 1041 permulcent
1559 1007 1664 1034 animos
1696 1007 1801 1034 Lucret.
1816 1016 1845 1040 ς,
1862 1017 1897 1036 21.
1988 1012 2106 1040 Arterias
2121 1014 2174 1041 leni
2186 1023 2254 1042 voce

61 1037 117 1071 cic‘.
133 1045 171 1078 Q
183 1045 253 1071 Frat.
266 1053 288 1080 2,
302 1049 325 1074 8.
435 1044 535 1071 Omnia
549 1043 631 1070 alicui
644 1042 799 1078 permittere
835 1041 907 1068 Idem
921 1050 970 1076 pro
984 1041 1073 1069 Domo
1087 1050 1124 1073 55.
1184 1041 1351 1075 permulcere
1376 1043 1482 1070 Aucffor
1495 1043 1528 1070 ad
1542 1043 1642 1069 Heren.
1656 1051 1680 1075 3,
1694 1050 1729 1070 21.
1802 1046 1886 1070 Aures
1904 1053 1995 1072 vacuas
2021 1048 2087 1076 Hor.
2102 1050 2180 1085 Epist.
2192 1060 2255 1087 1,17,

57 1079 133 1108 Idem
149 1088 198 1116 pro
210 1080 316 1106 Cluent.
331 1088 366 1111 123
392 1080 437 1107 Ne
450 1080 478 1106 in
491 1086 710 1113 vnumquemque
721 1077 842 1105 nostrum
857 1077 1019 1104 Censoribus
1035 1077 1063 1104 in
1077 1086 1124 1113 po-
1185 1079 1225 1102 26.
1287 1079 1372 1104 Aures
1385 1079 1553 1106 allistentium
1570 1078 1660 1113 prauis
1673 1079 1856 1113 voluptatibus
1882 1082 2014 1114 Qninetil.
2028 1092 2049 1120 2,
2063 1094 2094 1112 12.
2167 1088 2253 1113 Aurea

46 1115 158 1144 >nerum
172 1116 326 1143 Potestatem
341 1115 441 1149 regiam
457 1115 624 1149 permittatis,
730 1113 886 1141 Potestatem
900 1113 1034 1141 infinitam
1046 1114 1124 1141 innu-
1186 1113 1265 1139 sonus
1277 1120 1303 1139 ct
1318 1123 1444 1141 numerus
1458 1115 1625 1150 permulcent
1655 1114 1711 1141 Cic.
1724 1115 1846 1143 inOrat.
1863 1119 1900 1148 163
1921 1127 1941 1144 c.
1955 1127 1994 1152 49.
2066 1121 2142 1148 Colla
2162 1122 2256 1150 draco.

57 1151 197 1179 *mc-rabilis
216 1151 342 1187 pecuniae
363 1150 542 1178 conficiendae
554 1150 709 1186 permittere
745 1150 802 1176 Cic.
816 1149 849 1176 de
863 1149 933 1183 Lege
947 1150 1040 1184 Agrar.
1053 1159 1076 1184 2,
1090 1159 1124 1183 33.
1141 1150 1170 1177 25
1185 1157 1250 1175 num
1265 1150 1401 1184 permulsit
1427 1151 1509 1178 Ouid.
1522 1151 1587 1178 Met.
1602 1157 1630 1186 7,
1644 1159 1692 1177 221.
1784 1152 1874 1179 Corda
1886 1153 2024 1181 furentum
2043 1157 2176 1191 pcrnmlfit
2209 1158 2256 1187 Sil.

58 1189 90 1216 In
103 1189 181 1214 ceusu
201 1187 322 1214 habendo
341 1187 454 1214 Potestas
472 1187 561 1214 omnis
579 1186 772 1214 aestimationis
787 1185 922 1212 habendae
935 1185 1046 1212 Censori
1065 1195 1124 1221 per·
1187 1193 1220 1218 ¹3,
1234 1193 1286 1217 344-
1358 1187 1413 1214 Iras
1445 1188 1506 1214 Liu.
1519 1194 1555 1223 7,
1569 1196 1610 1219 40.
1684 1186 1821 1214 Permulsit
1835 1189 1904 1215 Iram
1919 1189 1976 1216 cius
1987 1191 2076 1218 consul
2107 1193 2145 1220 1d.
2160 1203 2205 1229 39,
2220 1203 2254 1227 23.

60 1223 179 1251 mittitur
219 1223 291 1250 Idem
312 1223 390 1250 Verr.
403 1232 425 1258 2,
442 1231 484 1256 131.
602 1222 779 1249 Committere
794 1221 856 1248 fidei
868 1221 996 1255 alicuius,
1028 1228 1054 1249 et
1065 1231 1124 1257 per·
1185 1220 1352 1248 Iucunditate
1379 1221 1512 1256 Quinctil.
1530 1233 1552 1256 2,
1566 1230 1591 1256 ς.
1665 1221 1772 1262 Plebem
1785 1226 1951 1258 permulcere
1964 1234 2043 1260 atque
2056 1228 2168 1256 tractare
2194 1230 2255 1259 Liu.

61 1260 169 1286 mittere
187 1259 308 1286 Potestati
328 1258 444 1292 aliquem
482 1258 553 1286 Idem
567 1267 618 1294 pro
632 1259 709 1285 Font.
724 1267 765 1290 30.
874 1257 997 1284 Precibus
1011 1258 1124 1285 alicuius
1185 1265 1208 1288 3,
1224 1266 1247 1289 ¹⁴
1259 1266 1325 1284 exer.
1352 1258 1460 1285 Sensum
1473 1259 1622 1294 voluptate,
1635 1266 1682 1292 qul
1697 1259 1852 1294 permulcet,
1871 1261 1946 1296 pellit
1978 1262 2035 1290 Cic.
2050 1263 2081 1290 de
2095 1264 2256 1300 Finib.2,32.

42 1306 43 1309 ¹
59 1295 216 1330 permittere
228 1294 328 1328 aliquid
347 1295 407 1322 Stat.
424 1294 487 1322 Silu.
500 1303 529 1328 4,
546 1305 563 1328 1,
579 1303 616 1327 34.
688 1295 810 1330 Regnum
823 1293 978 1328 permittere
1005 1294 1061 1320 Cic.
1075 1304 1126 1330 pro
1188 1292 1351 1320 Pcrmulceri
1366 1295 1504 1330 voluptate
1517 1294 1653 1321 laetiffima
1679 1294 1814 1322 Columel.
1831 1306 1868 1330 12,
1883 1306 1905 1324 2.

60 1331 125 1358 Sull.
140 1339 175 1358 21.
269 1331 334 1357 Vela
346 1331 433 1357 ventis
442 1326 458 1364 ,³
487 1331 540 1358 vid.
563 1336 644 1358 ORA.
755 1331 842 1357 Vitam
857 1330 991 1356 sententiis
1004 1329 1125 1357 iudicum
1141 1330 1175 1355 30
1225 1335 1241 1356 P
1252 1334 1269 1355 Ε
1280 1336 1300 1356 R
1310 1336 1333 1355 Μ
1344 1337 1363 1357 ν
1377 1337 1392 1357 1.
1403 1337 1420 1358 C
1433 1338 1450 1358 E
1459 1338 1481 1357 N
1491 1337 1520 1368 s,
1542 1330 1619 1357 entis.
1664 1330 1760 1359 Partic.
1816 1332 2010 1370 [καταθέλφων]
2064 1335 2186 1362 Membra
2196 1344 2257 1371 vpei·-

12 1362 33 1399 ,”
58 1366 117 1394 Cic.
131 1375 180 1401 pro
193 1366 268 1393 Rosc.
290 1368 379 1394 Amer.
399 1375 448 1401 ¹⁴9·
683 1363 706 1403 q
731 1375 745 1402 ς
782 1367 939 1394 Permittcre
952 1365 984 1392 ad
1003 1367 1123 1402 aliquem
1186 1364 1305 1391 mulcens
1333 1366 1377 1393 Sil.
1392 1377 1414 1399 ς,
1430 1376 1481 1400 144.
1577 1365 1697 1394 Candida
1712 1368 1880 1402 permulcens
1893 1369 2005 1404 liquidis
2018 1371 2128 1407 vestigia
2142 1371 2258 1408 lymphis

59 1402 182 1429 laudatur
193 1402 282 1430 82112(-
296 1402 376 1437 Epist.
390 1405 434 1438 67.
523 1402 662 1437 Pei-mitti,
678 1409 726 1437 pro
739 1403 844 1429 Remini
860 1403 877 1430 l.
891 1403 1069 1436 Imperatores
1090 1404 1125 1430 D.
1186 1400 1282 1427 Catull.
1299 1403 1399 1437 Argon.
1414 1405 1454 1436 62,
1472 1405 1522 1431 162.

58 1437 93 1465 de
107 1437 197 1473 pactis.
258 1440 314 1464 Vid.
329 1439 413 1465 Cuiac.
428 1438 483 1475 Obs.
499 1448 535 1470 ει,
549 1448 586 1467 2ο.
621 1445 645 1465 et
666 1447 753 1466 contra
772 1439 880 1466 Gronau,
900 1439 927 1462 in
944 1438 1017 1474 Epist.
1032 1438 1126 1474 Sylloge
1227 1443 1244 1463 Ρ
1254 1443 1270 1463 E
1280 1443 1298 1463 R
1311 1444 1336 1464 M
1350 1444 1369 1464 v
1385 1445 1400 1464 L
1412 1445 1425 1465 s
1435 1445 1476 1466 vs
1486 1459 1495 1472 ,
1515 1448 1545 1472 a,
1565 1447 1621 1467 um.
1657 1440 1744 1466 Aliud
1755 1439 1854 1467 Partic.
1910 1442 1941 1467 Et

60 1474 144 1501 Burm.
157 1484 182 1500 n.
194 1483 235 1508 357
251 1475 280 1502 T.
294 1483 306 1500 2
316 1481 341 1510 p.
353 1478 405 1501 612.
485 1474 667 1507 Permittitur,
702 1474 803 1510 Jmpnfi
825 1475 890 1502 Plin.
906 1482 934 1507 4,
947 1483 971 1507 14
997 1474 1022 1501 Si
1038 1476 1127 1502 conie-
1227 1479 1244 1498 P
1254 1478 1270 1498 E
1282 1478 1391 1501 RMVL
1405 1481 1422 1502 c
1434 1481 1456 1502 T
1466 1483 1487 1502 v
1498 1481 1528 1511 s,
1548 1484 1577 1508 a,
1597 1484 1652 1502 um.
1688 1476 1756 1502 Part.
1794 1476 1853 1503 Cic.
1867 1476 1899 1503 ad
1912 1478 2013 1507 Heren.
2027 1486 2051 1512 3,
2064 1487 2086 1505 21
2101 1488 2122 1506 c.
2137 1487 2160 1506 12
2183 1479 2259 1507 Nam

24 1537 30 1542 ,
59 1508 132 1536 Stare
149 1510 331 1544 permittitur,
351 1509 422 1536 haud
437 1511 551 1538 multum
568 1519 630 1537 orae
644 1510 728 1538 decrit
741 1510 907 1538 Graecorum
918 1511 1064 1545 opinioni,
1100 1516 1127 1538 et
1141 1506 1173 1534 35
1189 1506 1330 1535 laeduntur
1344 1511 1474 1544 arteriae,
1492 1511 1510 1537 fi
1524 1518 1665 1546 antequam
1681 1511 1735 1538 leni
1752 1521 1819 1539 voce
1832 1514 1980 1548 permultae
1992 1516 2060 1546 sunt,
2074 1515 2257 1543 acriclamore

61 1545 239 1580 longitudinis
250 1546 284 1573 ab
297 1546 412 1581 Agrippa
426 1546 547 1574 traditae.
665 1557 669 1559 >
1188 1545 1380 1579 compleantur.
1451 1547 1513 1574 Sall.
1528 1547 1623 1580 ΗΜΛ.
1643 1554 1683 1582 ap.
1698 1547 1823 1574 P1iscia11.
1838 1558 1853 1582 9
1875 1558 1901 1583 p.
1920 1569 1929 1577 .
1952 1571 1958 1577 .
1995 1550 2152 1578 liberalibus
2166 1551 2258 1579 verbis

97 1588 112 1608 1>
124 1587 142 1607 E
154 1587 173 1608 R
187 1588 210 1608 M
225 1589 233 1607 1
246 1589 259 1608 s
272 1589 352 1615 svs,
377 1591 408 1616 a,
439 1591 494 1609 um,
532 1584 600 1610 Part.
637 1582 780 1616 [hausen
803 1581 981 1618 avyxmqnflae-le]
1018 1583 1079 1610 Liu.
1099 1591 1126 1617 4,
1188 1581 1333 1616 permulc‘li
1346 1583 1413 1609 sunt.
1517 1583 1662 1611 Pcrmulfti
1675 1583 1747 1610 sonis
1761 1584 1919 1612 mitioribus
1945 1586 2015 1613 Gell.
2030 1596 2054 1620 1,
2068 1597 2098 1613 11.
2137 1608 2146 1619 .,

76 1627 93 1644 0
112 1617 295 1653 cognitioque
307 1618 364 1645 cius
377 1617 417 1644 rei
430 1618 461 1645 L.
477 1619 570 1653 Sergio
586 1623 611 1644 et
625 1619 678 1651 Q1.
694 1617 826 1651 Seruilio,
847 1627 872 1646 et
885 1620 1024 1646 Mamerco
1039 1620 1126 1646 Aemi·
1229 1623 1244 1643 P
1256 1623 1272 1643 E
1282 1624 1300 1643 R
1311 1625 1335 1644 M
1347 1625 1368 1645 V
1378 1625 1393 1644 L
1406 1624 1420 1645 s
1431 1624 1487 1652 10,
1508 1619 1577 1647 onis.
1605 1619 1626 1646 f.
1681 1619 1756 1646 Non.
1771 1629 1791 1653 1,
1803 1629 1850 1655 294
1882 1621 1992 1656 Omnia,
2008 1624 2147 1657 quaesunt
2161 1629 2257 1650 natura

61 1625 102 1679 iio
117 1653 246 1687 permissa.
319 1653 430 1681 Potestas
444 1654 566 1690 permiffa
580 1653 633 1680 illis
654 1655 750 1681 Lucan.
766 1663 784 1687 1,
799 1652 853 1687 593.
971 1655 1125 1682 Permissum
1187 1651 1259 1685 fera,
1278 1662 1406 1681 manuum
1420 1654 1598 1688 permulsione
1611 1655 1762 1683 mitescunt.

60 1688 99 1715 est
112 1688 169 1722 lege
189 1689 246 1715 Cic.
262 1690 316 1716 Att.
332 1691 370 1726 16,
384 1696 420 1724 ¹7·
489 1690 540 1717 ‘Vti
555 1689 678 1726 permisso
700 1690 770 1715 Hor.
784 1690 863 1724 Epist.
877 1699 900 1724 2,
914 1699 933 1723 1,
948 1698 987 1723 45.
1137 1688 1176 1714 40
1229 1695 1244 1715 P
1256 1695 1273 1715 E
1285 1695 1302 1715 R
1313 1696 1370 1716 MV
1382 1697 1398 1716 L
1411 1696 1465 1717 'rv
1475 1696 1488 1716 s
1499 1710 1507 1724 ‚
1528 1698 1558 1723 a,
1579 1699 1634 1718 um.
1672 1690 1731 1716 Adi.
1769 1691 1948 1727 [πάμπολλυς]
1992 1693 2050 1720 Cic.
2063 1694 2118 1720 Aa.
2132 1702 2161 1726 14
2169 1692 2216 1728 sub
2230 1700 2258 1727 17

100 1733 114 1752 1²
123 1731 140 1752 r:
150 1732 168 1752 R
177 1731 202 1751 M
213 1731 222 1752 1
232 1731 245 1751 s
254 1731 267 1751 s
279 1731 299 1751 ν
310 1732 340 1756 S,
367 1723 406 1752 fis.
443 1735 479 1753 m.
516 1724 704 1761 [συγχώρησις]
741 1725 831 1752 Omne
850 1726 988 1752 seruitium
1002 1721 1127 1759 permiss‘u
1188 1725 1225 1749 ad
1236 1724 1403 1751 Dolabellam
1414 1732 1456 1760 pr.
1485 1734 1547 1759 quae
1561 1726 1664 1752 habetur
1677 1726 1752 1751 etiam
1765 1727 1838 1752 Fam.
1852 1736 1879 1762 9,
1896 1737 1920 1759 14
1953 1728 2019 1755 Sunt
2037 1729 2111 1762 enim
2129 1728 2258 1763 permulti

61 1760 230 1796 Magistratus
244 1761 385 1788 liberatum
406 1761 462 1788 Cic.
477 1761 508 1788 de
521 1762 611 1794 Arusp.
627 1760 702 1794 Resp.
724 1769 745 1785 c.
759 1768 794 1786 12.
903 1761 943 1787 Id.
965 1761 1019 1787 Off.
1042 1770 1067 1793 1,
1088 1770 1127 1793 40
1186 1758 1285 1792 optimi
1301 1760 1370 1793 viri,
1392 1760 1438 1794 qui
1452 1760 1613 1787 valetudinis
1627 1761 1701 1787 causa
1715 1761 1743 1786 in
1759 1761 1823 1787 haec
1838 1762 1893 1788 loca
1911 1764 2031 1790 veniant.
2103 1764 2258 1791 Imitatores

62 1797 155 1829 Qnum
173 1796 247 1822 enim
265 1797 404 1824 Annibalis
423 1796 548 1830 permissu
570 1795 659 1823 exiffet
674 1803 688 1821 e
708 1794 813 1828 cantis,
848 1795 930 1822 rediit
951 1795 1041 1831 paullo
1059 1796 1126 1830 post.
1187 1794 1338 1829 principum
1352 1795 1479 1830 permulti
1493 1795 1607 1823 existunt
1641 1796 1698 1822 Cic.
1711 1795 1742 1823 de
1755 1797 1849 1832 Legib.
1864 1806 1876 1830 3
1897 1807 1919 1825 c.
1934 1807 1972 1834 14.
2043 1800 2076 1828 In
2089 1799 2185 1827 faciem
2199 1809 2259 1836 per.

41 1831 134 1859 'ldem
156 1833 232 1859 Verr.
253 1841 282 1865 3,
308 1836 349 1864 184
384 1831 510 1859 Permill'u
531 1837 586 1858 tuo.
701 1830 764 1858 Liu.
784 1839 811 1864 3,
836 1839 865 1864 43
902 1831 1126 1858 Decemuirorum
1186 1830 1270 1856 multa
1283 1830 1384 1857 1⁵00]ssss
1410 1831 1479 1858 Hor·
1495 1831 1577 1858 Serm-
1593 1842 1610 1866 ¹,
1625 1834 1703 1867 52⁶2·

57 1867 193 1903 permiffi..
1138 1867 1172 1894 45
1224 1873 1239 1892 P
1249 1873 1265 1892 E
1277 1873 1294 1892 R
1307 1873 1330 1893 M
1342 1874 1364 1896 v
1375 1874 1390 1893 1.
1399 1873 1421 1893 'r
1430 1874 1459 1894 ο.
1498 1867 1566 1894 Adu.
1621 1869 1701 1902 [nam
1716 1869 1816 1903 πολλῶ]
1873 1869 1930 1897 Cic.
1944 1869 1977 1897 de
1991 1871 2084 1899 Diuin.
2101 1880 2131 1905 2,
2145 1874 2188 1898 126
2201 1882 2221 1898 c.
2229 1875 2257 1900 61

50 1910 57 1913 “
98 1908 114 1929 P
125 1908 142 1928 Ε
153 1908 171 1928 R
182 1908 208 1928 Μ
220 1908 355 1935 188VM,
375 1902 391 1930 i.
412 1912 438 1930 n.
476 1903 554 1929 Hem.
590 1902 659 1930 Hor.
675 1901 755 1938 Epist.
770 1911 793 1936 ²,
808 1911 827 1936 1,
841 1911 871 1935 45
905 1903 975 1930 Vtor
991 1903 1126 1939 permill‘o.
1187 1901 1346 1929 Praesertim
1370 1912 1453 1937 quum
1471 1903 1632 1939 Chrysippus
1647 1903 1818 1931 Academicos
1833 1905 1974 1939 refellens,
1993 1907 2130 1942 permulto
2144 1907 2258 1936 clariora

45 1939 135 1971 >Confi
148 1937 299 1965 Labeonem
311 1940 368 1966 ICt.
381 1940 450 1974 apud
463 1939 570 1973 leian.
584 1939 646 1973 Dig.
661 1948 679 1965 11
696 1945 713 1965 t.
728 1949 739 1972 7
754 1940 771 1966 l.
786 1945 809 1970 8.
1187 1942 1213 1964 et
1227 1938 1344 1966 certiora
1358 1940 1407 1966 esl'e
1424 1939 1510 1972 dicat,
1528 1949 1596 1974 quae
1610 1939 1783 1974 vigilantibus
1798 1941 1956 1977 videantur,
1981 1952 2062 1978 quam
2075 1951 2143 1979 quae
2157 1945 2257 1972 somni-

48 1991 50 1996 *
96 1971 162 2002 PE'R
173 1980 199 2001 Μ
212 1981 220 2000 1
233 1981 246 2000 S
257 1981 270 2001 s
282 1980 302 2002 o
319 1981 334 2002 R
347 1996 355 2009 ‚
375 1975 440 2001 oris.
459 1983 496 2001 m.
533 1975 654 2001 Tertull.
667 1974 728 2002 adu.
741 1975 824 2002 Marc.
1186 1973 1302 2001 antibus.
1377 1975 1512 2002 Permulto
1526 1976 1634 2002 minora
1665 1976 1769 2002 Lucret.
1783 1984 1810 2009 ς,
1823 1986 1875 2008 ς4ς.

95 2017 112 2037 1²
121 2017 138 2037 Ε
148 2015 167 2036 R
179 2017 206 2037 M
218 2017 228 2036 1
237 2016 251 2036 S
261 2017 291 2038 St
302 2016 322 2036 ο
332 2032 341 2045 ‚
359 2011 430 2037 finis.
465 2010 485 2037 f.
522 2010 709 2044 [συγχώρημα]
745 2012 814 2038 Idem
827 2011 893 2045 quod
906 2011 1046 2046 Permffls.
1064 2012 1125 2038 Liu.
1227 2015 1242 2035 P
1254 2016 1270 2036 E
1281 2016 1299 2036 R
1311 2016 1337 2039 Μ
1349 2015 1370 2035 ν
1381 2017 1397 2035 1,
1408 2016 1431 2037 Τ
1443 2017 1508 2037 VM.
1546 2011 1614 2037 Adu.
1651 2010 1731 2044 [mim
1741 2012 1846 2046 πολλὸν]
1883 2011 1940 2038 Cic.
1954 2013 2008 2040 Att.
2022 2022 2058 2046 14,
2069 2023 2095 2046 23
2122 2015 2154 2042 Et
2167 2015 2258 2050 prima

58 2051 98 2081 37,
111 2055 125 2078 7
137 2053 179 2080 pr.
201 2047 253 2072 Aut
266 2054 298 2071 ex
311 2047 410 2072 summa
423 2045 550 2080 pecuniae
562 2045 700 2072 demerent
709 2066 717 2077 ,
735 2052 781 2072 aut
791 2044 991 2080 ‘permiffionem
1003 2053 1076 2072 extra
1090 2047 1126 2072 ci-
1138 2048 1172 2075 50
1188 2043 1234 2070 illa
1247 2044 1336 2075 aetio,
1355 2051 1380 2071 et
1395 2045 1459 2072 haec
1473 2052 1565 2072 contra
1581 2045 1730 2073 Antonium
1747 2047 1859 2081 concio,
1883 2047 1952 2074 mihi
1974 2050 2112 2083 profccisse
2138 2052 2257 2085 permulv

59 2082 137 2108 vium
150 2089 265 2115 corpora
277 2081 338 2107 fieri
355 2080 488 2107 iuberent.
597 2081 679 2106 Grata
692 2080 836 2106 mansionis
848 2081 981 2114 pcrmiffio
1019 2082 1077 2107 Cic.
1091 2083 1131 2114 Q
1186 2084 1243 2105 tutu
1258 2080 1374 2107 videtur.
1466 2081 1629 2108 Permultum
1643 2087 1704 2108 ante
1717 2083 1817 2109 certior
1831 2083 1916 2110 faetus
1930 2092 2002 2110 eram
2016 2085 2102 2112 literis
2127 2086 2165 2114 ld.
2180 2088 2255 2115 Fam.

62 2117 132 2144 Frat.
146 2125 168 2152 3,
181 2125 190 2142 ι
206 2125 227 2142 c.
240 2126 260 2147 3·
333 2116 392 2142 Plus
409 2116 477 2142 valet
491 2115 660 2150 permistione
674 2115 776 2142 sanctio
809 2116 911 2142 Auelor
924 2117 955 2143 ad
969 2117 1088 2144 Herenn.
1103 2127 1127 2150 2,
1188 2124 1210 2148 3,
1224 2124 1254 2143 11.
1326 2116 1365 2143 Id.
1379 2116 1432 2144 Off.
1450 2122 1474 2148 ¹,
1488 2126 1514 2150 27
1544 2118 1574 2144 In
1591 2117 1667 2144 omui
1682 2117 1781 2145 iustitia
1795 2119 1957 2153 permultum
1971 2119 2079 2148 interest
2092 2128 2182 2150 vtrum
2193 2133 2257 2158 per-

61 2161 96 2182 ις,
197 2151 347 2185 Permiffio,
387 2151 480 2186 Figura
498 2160 510 2176 e
520 2150 530 2175 l
542 2151 683 2182 rhetorum,
709 2161 772 2186 quae
783 2153 906 2187 definitur
921 2153 950 2177 ab
964 2152 1074 2180 21161012
1093 2153 1126 2180 ad
1188 2150 1343 2179 turbatione
1355 2153 1444 2187 aliqua
1458 2153 1557 2186 animi,
1578 2162 1644 2194 quae
1658 2154 1816 2189 plerumque
1829 2155 1918 2182 breuis
1932 2155 1986 2188 cst,
2001 2162 2028 2184 et
2040 2156 2074 2184 ad
2085 2164 2200 2195 tempus,
2218 2168 2256 2187 an
2285 2188 2290 2192 ,

61 2189 185 2216 Herenn.
200 2198 225 2220 4,
241 2196 270 2221 39
283 2197 305 2213 c.
318 2196 348 2220 29
369 2188 462 2221 Qmm
476 2195 494 2213 ο
517 2186 639 2213 cudimus
655 2187 682 2213 in
696 2187 812 2214 dicendo
824 2197 873 2214 nos
885 2188 1001 2222 aliquam
1015 2197 1070 2215 rem
1087 2194 1127 2216 to-
1187 2187 1310 2214 consulto
1327 2194 1353 2214 et
1366 2189 1482 2224 cogitato
1499 2189 1545 2216 fiat
1559 2189 1670 2217 iniuria.

61 2230 116 2251 tam
129 2222 250 2256 tradere,
267 2229 294 2249 ct
305 2224 450 2250 concedere
467 2223 579 2249 alicuius
593 2223 741 2250 voluntati:
779 2223 812 2249 sic
821 2244 829 2256 ,
849 2225 985 2258 Q1011ia111
999 2224 1126 2252 omnibus
1140 2228 1170 2255 53
1224 2230 1240 2250 P
1249 2231 1265 2251 E
1275 2229 1294 2250 R
1307 2230 1332 2250 M
1341 2230 1363 2249 v
1373 2231 1396 2251 N
1409 2231 1478 2251 Dvs
1488 2244 1496 2257 ‚
1518 2234 1549 2258 a,
1570 2234 1625 2253 um.
1664 2224 1726 2252 Adi.
1761 2226 1970 2263 [καλυκαθᾶςιος]
2007 2228 2084 2257 Varr.
2096 2229 2130 2258 de
2143 2230 2176 2259 R.
2189 2231 2220 2259 R.
2234 2240 2257 2267 3,

63 2259 143 2287 rebus
154 2259 282 2293 surreptis
295 2259 380 2286 solum
394 2258 463 2285 mihi
478 2258 591 2293 superest
603 2259 708 2285 animus
722 2264 748 2285 et
760 2268 857 2294 corpus
866 2280 874 2292 ,
897 2259 960 2286 haec
975 2261 1038 2295 ipsa,
1058 2269 1126 2295 quae
1186 2264 1201 2288 8
1228 2260 1392 2286 Pcrmundae
1405 2261 1464 2287 sunt
1478 2261 1551 2288 enim
1563 2261 1613 2287 hae
1626 2261 1758 2288 volucres.
1800 2263 1831 2288 de
1845 2264 1967 2290 columbis.

63 2296 132 2323 mihi
146 2295 178 2322 de
191 2294 280 2322 multis
291 2294 345 2321 sola
358 2294 452 2322 1211613
466 2295 541 2328 sunt,
560 2294 639 2322 vobis
653 2301 679 2322 et
691 2295 791 2322 vestrae
804 2295 930 2322 condono
945 2296 1074 2330 potestati.
1223 2302 1264 2323 1²13
1277 2302 1296 2322 R
1306 2302 1361 2322 MV
1370 2303 1392 2322 N
1404 2303 1423 2323 D
1434 2303 1454 2324 Ο
1463 2318 1472 2331 ,
1492 2300 1547 2324 are.
1584 2297 1695 2324 Theod.
1711 2297 1787 2326 Prisc.
1803 2305 1822 2331 1,
1840 2308 1875 2332 19.

101 2339 117 2358 Ρ
126 2338 143 2359 E
156 2337 175 2357 R
186 2338 212 2358 M
221 2337 241 2358 0
251 2337 270 2358 D
280 2337 297 2358 Ε
306 2337 319 2356 S
328 2329 350 2357 'i'
360 2336 381 2357 v
391 2337 420 2363 s,
447 2339 478 2362 a,
503 2340 560 2358 um.
599 2330 662 2358 Adi.
700 2330 890 2366 [πολυμὲτςιος]
929 2332 986 2359 Cic.
1003 2334 1055 2362 Att,
1073 2342 1096 2366 4,
1110 2339 1125 2362 8
1224 2338 1240 2358 P
1253 2338 1270 2358 E
1284 2337 1304 2358 R
1315 2339 1341 2359 M
1350 2333 1372 2358 ῡ
1382 2339 1404 2358 N
1416 2340 1424 2358 1
1435 2340 1455 2360 o
1465 2353 1474 2366 ‚
1494 2335 1544 2360 ire.
1583 2333 1596 2367 [
1609 2332 1748 2366 κατοχυςιόω
1760 2336 1772 2368 ]
1830 2336 1907 2361 Valde
1920 2336 2034 2370 munire,
2054 2344 2098 2364 aut
2111 2337 2257 2373 Absolttere,

63 2368 131 2396 Satis
143 2367 214 2393 2111111
231 2374 321 2393 acutus
333 2372 359 2393 et
372 2366 570 2402 permodestus,
589 2375 619 2394 ac
634 2366 720 2394 bonae
735 2367 818 2402 frugi.
914 2368 988 2395 Idem
1003 2368 1031 2394 in
1047 2369 1126 2397 Catil.
1187 2369 1255 2401 quod
1265 2369 1362 2395 munire
1376 2368 1511 2402 inca-peras.
1567 2369 1626 2396 Liu.
1640 2378 1685 2402 30,
1701 2372 1728 2396 16
1766 2371 1798 2396 Et
1812 2378 1879 2404 quae
1892 2372 2057 2400 munimenta
2071 2373 2260 2409 inchoauerat‚

63 2411 90 2436 2,
104 2411 130 2429 12.
167 2402 259 2430 Homo
272 2403 346 2429 enim
360 2403 482 2430 videlicet
497 2402 607 2429 timidus
622 2409 648 2430 et
661 2403 859 2438 permodestus,
895 2413 989 2431 vocem
1003 2405 1127 2433 Consulis
1139 2402 1175 2427 60
1188 2404 1345 2436 permuniit.
1417 2404 1506 2431 Castra
1519 2405 1667 2440 permuniit
1692 2405 1783 2434 Tacit·
1798 2405 1866 2433 Hlst·
1882 2416 1908 2441 3,
1923 2416 1956 2441 9,
1970 2418 1992 2435 2-
2066 2410 2259 2447 Locorumque

65 2439 134 2466 serre
149 2447 204 2464 non
220 2439 315 2472 potuit.
422 2438 513 2465 Sensus
534 2439 604 2467 Tae.
618 2440 686 2465 Ann.
702 2448 721 2473 1,
734 2447 761 2474 7,
774 2448 801 2473 4.
1187 2446 1341 2473 opportuna
1355 2441 1523 2475 permuniuit
1549 2441 1623 2468 Idem
1636 2442 1705 2469 Ann.
1721 2452 1745 2475 4,
1759 2451 1796 2475 24.
1852 2446 1922 2470 Add.
1937 2444 2030 2472 lustin.
2045 2454 2088 2480 24,
2102 2453 2130 2481 7,
2143 2452 2166 2476 8.

102 2479 162 2501 r-x-:R
171 2480 196 2500 M
206 2481 224 2501 o
239 2481 258 2501 D
269 2476 279 2500 i'
288 2480 306 2501 c
320 2480 340 2500 v
351 2481 380 2507 s,
399 2483 423 2506 a,
443 2483 497 2501 um.
534 2475 594 2503 Adi.
632 2475 806 2511 [πολυπαῦςσς]
844 2475 913 2503 Suet.
927 2475 956 2502 in
967 2476 1127 2511 August.c.6
1225 2482 1241 2503 P
1252 2482 1268 2501 F.
1279 2482 1297 2502 R
1310 2482 1335 2502 Μ
1344 2482 1365 2502 V
1378 2483 1397 2501 N
1408 2481 1417 2503 ῐ
1427 2483 1448 2503 T
1457 2484 1477 2503 ν
1487 2483 1500 2504 s
1510 2497 1519 2510 ,
1538 2485 1552 2503 a
1561 2498 1568 2511 ‚
1589 2486 1645 2505 um.
1693 2478 1788 2505 Partic.
1844 2479 1925 2514 [πάνυ
1938 2480 2043 2516 δχυςὸς]
2099 2481 2260 2510 Themisto-

67 2509 148 2538 Loffis
158 2510 336 2544 permodicus.
355 2519 380 2536 ee
390 2509 568 2545 ijer,c,47,
1187 2511 1238 2538 cles
1253 2512 1354 2538 indicat
1367 2513 1530 2547 permunitas
1552 2513 1668 2540 Athenas
1681 2514 1730 2541 effe
1766 2514 1858 2541 lustin.
1875 2525 1902 2549 2,
1925 2523 1965 2549 15,
1985 2526 2009 2550 9.
2100 2517 2162 2546 Liu.
2177 2525 2210 2553 7,
2232 2519 2259 2546 16

100 2551 115 2572 p
127 2551 141 2571 ις
151 2552 170 2572 R
182 2552 207 2572 M
219 2551 267 2572 OD
277 2552 288 2572 ι
300 2551 316 2572 C
326 2552 353 2573 E.
391 2546 458 2574 Adu.
495 2546 630 2575 Columel.
648 2555 673 2581 5,
692 2555 714 2574 11
745 2547 900 2574 Permodice
921 2547 1028 2575 findito.
1064 2549 1088 2575 b.
1104 2558 1126 2577 e.
1189 2547 1358 2575 Priuernates
1371 2558 1452 2583 quum
1467 2555 1526 2576 ante
1541 2549 1649 2576 moenia
1665 2550 1709 2576 sua
1722 2550 1811 2577 castris
1831 2552 1993 2585 permunitis
2014 2553 2184 2585 consedisset,
2209 2563 2260 2581 vo·

68 2581 143 2608 Valde
158 2588 255 2616 parum.
1144 2583 1176 2614 65
1189 2583 1252 2609 catis
1265 2583 1296 2610 ad
1312 2586 1470 2612 concionem
1485 2585 1636 2619 militibus,
1656 2595 1706 2613 etc.
1768 2587 1810 2613 Sic
1828 2595 1859 2622 25
1879 2596 1928 2616 etc.
2000 2589 2105 2618 Cuncta
2117 2590 2260 2626 aggeribuu

100 2624 139 2644 PE
149 2618 202 2644 aiu
213 2624 232 2644 o
242 2624 258 2645 Ε
269 2624 280 2643 S
292 2614 343 2644 'r'v
353 2623 382 2651 S,
407 2625 439 2650 a,
464 2625 518 2646 um.
557 2618 617 2646 Adi.
675 2620 904 2654 Agamemnonem
926 2619 1037 2647 interitu
1056 2619 1127 2648 filiae
1187 2620 1341 2654 permunita
1366 2621 1459 2648 Tacit.
1473 2623 1544 2649 Ann.
1558 2630 1581 2655 2,
1595 2631 1618 2655 7,
1631 2631 1655 2655 4.

28 2663 32 2667 ·
61 2653 241 2688 permoestum
262 2653 332 2679 Dio.
345 2654 417 2680 Cret.
436 2663 452 2687 1,
468 2663 502 2685 23.
540 2656 609 2680 Λώτ.
622 2654 735 2681 Ρ31111111.
750 2655 853 2682 Petroc.
869 2665 891 2686 ς,
906 2665 950 2688 711.
1226 2662 1294 2688 ΡΕΒ
1308 2663 1333 2683 Μ
1346 2657 1368 2682 ῦ
1379 2663 1401 2684 Τ
1413 2663 1450 2690 ο,
1476 2662 1529 2684 Ere.
1583 2658 1777 2692 [ἀπαλλάττω.
1798 2659 1905 2695 buxitus]
1962 2661 2068 2688 Festus:
2108 2661 2260 2689 Pernmtari

99 2695 116 2716 Ρ
129 2695 306 2715 ERMOLES
319 2696 342 2718 τ
356 2696 374 2715 v
386 2695 399 2715 s
409 2709 417 2721 ‚
437 2698 467 2722 a,
487 2699 542 2717 um.
580 2691 642 2717 Adi.
685 2691 842 2717 Vehementer
853 2691 970 2726 mnlqsi'us.
1007 2692 1064 2719 Cic.
1074 2693 1127 2720 Att.
1187 2690 1215 2718 id
1229 2693 1338 2726 proprie
1353 2692 1405 2720 dici
1422 2693 1545 2726 videtur,
1571 2695 1644 2728 quod
1665 2702 1697 2720 ex
1717 2694 1772 2721 alio
1787 2695 1848 2722 loco
1874 2697 1902 2723 in
1919 2696 2003 2724 alium
2022 2698 2194 2725 transfertur:
2231 2703 2259 2725 at

63 2734 84 2754 1,
100 2733 122 2752 ις
136 2725 190 2757 (18)
222 2725 308 2757 Atque
324 2724 352 2750 hi
389 2726 473 2755 (nolo
486 2727 556 2753 enim
572 2733 596 2753 te
610 2726 785 2761 permoneri)
823 2735 876 2753 non
891 2727 949 2754 sunt
963 2728 1127 2762 ρει-1111112111,
1190 2735 1387 2762 commutatur,
1408 2738 1490 2764 quum
1504 2729 1576 2756 aliud
1591 2739 1641 2765 pro
1653 2730 1709 2757 alio
1723 2730 1901 2759 substituitur.
1973 2734 2089 2760 Martial.
2104 2740 2127 2765 8,
2139 2742 2172 2768 ῖς
2197 2734 2259 2760 Per-

62 2760 106 2788 sed
120 2768 207 2786 tamen
223 2759 334 2786 infident
346 2766 371 2786 et
383 2768 493 2795 vrgent‚
519 2769 545 2789 ct
564 2763 663 2790 nullius
681 2762 794 2790 amantis
814 2763 926 2791 confilio
946 2763 1128 2793 aut'sermone
1140 2769 1177 2798 70
1189 2771 1307 2791 mutatur
1321 2774 1405 2797 onus,
1425 2766 1570 2800 stipataque
1583 2767 1688 2793 tollitur
1700 2767 1761 2793 alte.
1851 2768 1918 2795 Plin.
1933 2778 1968 2802 11,
1983 2778 2009 2802 37
2037 2770 2105 2796 Lien
2121 2779 2180 2796 cum
2195 2770 2259 2796 ieci-

63 2796 243 2831 requicscunt.
1189 2809 1257 2827 nore
1273 2802 1361 2828 locum
1375 2801 1522 2837 aliquando
1535 2808 1677 2837 permutat.
1749 2803 1903 2831 Permutate
1918 2804 1988 2832 inter
2002 2806 2027 2832 se
2041 2807 2153 2833 nomina
2175 2807 2256 2833 Plaut-

101 2839 116 2858 P
127 2840 142 2860 Ε
154 2838 173 2858 R
184 2839 208 2858 Μ
218 2837 238 2858 o
248 2837 264 2857 1.
274 2838 376 2858 ESTE.
415 2831 483 2859 Adu.
521 2833 577 2860 Cic.
593 2835 670 2863 Verr.
683 2843 710 2868 4,
724 2843 756 2867 131
771 2843 793 2862 c.
807 2840 842 2865 58.
1189 2836 1266 2871 Capt.
1281 2847 1302 2870 3,
1317 2847 1340 2870 ς,
1354 2844 1384 2868 13.
1457 2838 1613 2865 Permutare
1626 2838 1655 2865 in
1669 2839 1836 2866 contrarium
1864 2841 1930 2867 Plin.
1944 2849 1985 2875 17,
2000 2850 2028 2868 11.
2137 2842 2258 2869 Inuicem

101 2875 141 2895 PE
153 2875 170 2894 n
181 2875 205 2895 Μ
217 2873 236 2894 0
250 2874 265 2893 L
275 2874 351 2901 Lls,
371 2877 394 2894 e.
438 2868 499 2895 Adi.
538 2869 618 2903 Q1od
631 2870 712 2897 etiam
726 2870 755 2896 in
768 2870 932 2899 carminibus
945 2872 981 2899 est
995 2873 1127 2908 permolle
1189 2874 1338 2908 permutari
1369 2873 1502 2907 Quinctil.
1516 2883 1542 2907 1,
1563 2884 1586 2906 4.
1678 2874 1791 2908 Figurae
1805 2883 1991 2911 permutantur
2024 2878 2129 2904 Lucret.
2146 2887 2172 2913 2,
2195 2885 2257 2904 1021.

64 2904 195 2937 Quinftil.
210 2913 234 2938 9,
249 2913 266 2936 4
281 2913 306 2937 p.
320 2911 381 2938 707.
1189 2910 1343 2936 Permutare
1357 2909 1462 2944 pretio,
1481 2910 1525 2936 vel
1540 2918 1628 2937 merce
1654 2910 1720 2936 Plin.
1735 2920 1761 2946 9,
1775 2921 1812 2943 ςς.
1885 2912 1924 2939 Id.
1939 2922 1968 2947 7,
1991 2919 2020 2946 38
2055 2913 2195 2940 Praxiteles
2206 2920 2257 2939 'uo-

58 2944 59 2948 ‘
104 2947 120 2966 1²
134 2946 150 2966 E
161 2947 179 2966 R
191 2946 216 2967 Μ
228 2938 272 2968 61.
283 2947 320 2973 ο,
347 2939 393 2975 ui,
418 2940 500 2973 itum,
526 2941 580 2967 ere.
620 2941 700 2967 Valde
715 2942 805 2969 molere
820 2943 865 2969 vel
881 2943 992 2979 agitare.
1028 2945 1128 2974 Horat.
1140 2948 1173 2977 75
1189 2944 1310 2971 bilitatus
1323 2945 1359 2971 est
1373 2944 1472 2971 Cnidia
1486 2947 1591 2972 Venere
1616 2961 1663 2966 —
1684 2946 1846 2974 Nicomedis
1861 2948 2045 2976 aestimatione
2058 2950 2138 2984 regis,
2158 2947 2257 2982 grandi

64 2976 146 3004 Serm.
166 2985 192 3012 1,
213 2984 245 3009 2,
267 2984 298 3008 30
1189 2980 1353 3007 Gnidiorum
1367 2989 1428 3007 aere
1442 2981 1530 3008 alieno
1542 2987 1696 3016 permutare
1709 2992 1767 3011 eam
1779 2985 1878 3011 conati.
1936 2986 2063 3011 Debebunt
2080 2994 2193 3019 magnum
2213 2992 2256 3009 aes

23 3012 26 3015 ’
222 3010 340 3044 Qudam
351 3017 432 3037 notus
446 3010 531 3038 homo
546 3020 628 3046 quum
641 3011 728 3039 exiret
741 3012 860 3042 fornice:
897 3014 984 3042 maCte
1187 3016 1297 3043 alienum
1313 3017 1404 3042 Gnidii
1417 3027 1426 3040 .-
1462 3017 1507 3042 boc
1527 3027 1564 3043 eos
1585 3018 1712 3053 exsoluere
1729 3021 1811 3046 voluit
1831 3022 1989 3054 Nicomedes,
2007 3021 2037 3054 ſs
2051 3021 2118 3046 illam
2141 3021 2257 3045 Venerem

223 3047 331 3074 Virtute
345 3047 417 3082 estn,
436 3047 525 3083 inquit
539 3048 667 3075 sententia
681 3048 724 3075 dia
736 3050 855 3078 Catonis.
1183 3051 1315 3087 suamfibi
1328 3053 1427 3078 darent.
1502 3052 1638 3080 Dominos
1652 3062 1805 3090 permutare
1830 3057 1899 3083 ΗΒΓ.
1912 3056 1991 3091 Epist.
2006 3065 2034 3088 2,
2048 3064 2071 3090 2,
2089 3060 2141 3089 174.
2196 3055 2257 3081 ‘Do-

67 3112 70 3115 ⁴
221 3083 293 3111 Nam
314 3083 419 3110 simulac
440 3093 519 3110 venas
531 3083 635 3111 inflanit
649 3090 716 3112 tetra
731 3085 826 3117 libido,
1188 3096 1247 3114 mos
1274 3087 1367 3114 Claud.
1381 3087 1409 3113 in
1424 3088 1535 3125 Eutrop.
1551 3100 1576 3123 1,
1591 3093 1638 3117 60.
1729 3092 1861 3119 Pauorem
1876 3092 1946 3118 odiis
1975 3090 2048 3118 Idem
2062 3090 2091 3116 ad
2108 3090 2256 3117 Adrianurn

65 3125 89 3152 ι
221 3120 282 3146 Huc
294 3128 409 3153 aequum
421 3120 457 3146 est
467 3120 579 3147 iuuenes
594 3120 763 3152 descendere,
782 3130 838 3148 non
849 3123 949 3151 alienas
1140 3126 1175 3153 80
1189 3132 1209 3154 1,
1224 3133 1243 3155 3·
1301 3123 1395 3150 Dando
1409 3130 1435 3150 et
1447 3125 1604 3160 accipiendo
1616 3128 1853 3163 permutandisque
1867 3125 2033 3153 facultatibus
2047 3127 2119 3153 nulla
2132 3135 2162 3153 re
2176 3134 2257 3161 egere

71 3156 79 3162 ”
113 3172 118 3179 1
222 3156 376 3182 Pet-molere
390 3164 497 3183 vxores.
533 3156 553 3184 i.
577 3157 694 3188 Viohcre,
710 3156 835 3192 polluere,
847 3159 1003 3195 fiabagitare.
1027 3159 1126 3186 Acron.
1190 3159 1247 3186 Cic.
1264 3158 1317 3186 Off.
1333 3168 1355 3192 2,
1370 3169 1392 3191 ις
1410 3169 1432 3186 c.
1444 3170 1464 3193 4
1478 3169 1545 3190 extr.
1599 3164 1646 3191 Al.
1661 3164 1855 3198 mutandisque.
1944 3162 2100 3188 Pet-mutare
2114 3163 2256 3197 pecuniam

73 3189 144 3220 Conf.
156 3191 266 3226 Interpp.
281 3192 386 3218 Petron.
401 3201 423 3219 c.
436 3199 473 3223 23.
1188 3204 1237 3220 vnn
1251 3195 1300 3221 loco
1308 3194 1415 3229 solutam
1435 3197 1486 3223 alio
1505 3202 1684 3226 numerandam
1702 3209 1804 3232 curare,
1830 3199 1896 3233 quod
1912 3198 2046 3224 cambium
2066 3198 2136 3223 hodie
2155 3204 2252 3224 vocant.

107 3232 122 3252 P
131 3231 208 3252 ERM
219 3233 238 3252 o
248 3233 290 3254 Ns
301 3233 324 3254 'r
337 3234 358 3253 R
367 3234 386 3255 ο
395 3248 403 3261 ,
430 3232 484 3255 are.
522 3228 638 3262 Erupiffe
653 3227 770 3255 hostium
783 3229 935 3257 vastatorias
949 3239 1042 3257 manus
1055 3231 1128 3266 supe·
1189 3231 1246 3258 Cic.
1262 3231 1332 3257 Fam.
1345 3240 1357 3258 2
1366 3251 1374 3265 ,
1389 3238 1416 3266 17
1450 3232 1481 3259 Se
1499 3234 1538 3265 ait
1549 3235 1657 3270 curasse,
1678 3241 1707 3262 vt
1720 3243 1778 3261 cum
1793 3234 1899 3268 quacllu
1914 3234 2006 3268 populi
2021 3233 2132 3268 pecunia
2145 3234 2266 3268 ,permuo'

69 3267 129 3288 rato
142 3260 266 3294 flumine,
283 3263 505 3297 permonstrantes
525 3265 659 3291 Ammian.
674 3270 708 3298 18,
724 3274 746 3297 13
763 3266 860 3297 (Vales.
873 3276 894 3293 c.
912 3270 950 3297 6.)
1189 3273 1300 3293 tare-tur.
1373 3268 1448 3295 Idem
1463 3269 1516 3297 Att.
1531 3280 1568 3304 12,
1582 3280 1614 3305 24
1639 3272 1679 3298 Dc
1695 3272 1825 3310 Cicerone
1845 3270 1915 3304 (filio
1929 3269 2056 3309 Consulis)
2076 3284 2123 3290 —
2141 3277 2257 3303 quaero,

108 3304 123 3323 P
135 3301 152 3321 E
163 3301 183 3321 R
193 3301 249 3337 ΜΡ
261 3303 281 3324 R
293 3304 303 3323 1
316 3303 337 3324 0
347 3305 383 3331 R,
401 3300 481 3327 mori.
519 3301 585 3336 Dep.
623 3300 811 3328 Commodian.
825 3302 948 3330 Instrue‘l.
962 3311 990 3335 27
1004 3308 1028 3328 et
1041 3310 1078 3336 29.
1138 3306 1169 3336 85·
1189 3301 1262 3337 quod
1277 3302 1320 3330 illi
1334 3312 1401 3340 opus
1415 3304 1467 3332 erit
1480 3305 1608 3341 Athenis,
1635 3312 1781 3342 permutari
1797 3314 1830 3332 ne
1844 3304 1932 3340 ponit,
1953 3313 1986 3331 an
2001 3305 2048 3340 lpsi
2062 3305 2201 3332 ferendum
2213 3305 2255 3333 fit.

73 3353 75 3356 -
107 3337 338 3372 PERMOYEO,
364 3334 428 3368 6111,
452 3338 543 3371 otum,
567 3341 620 3365 Ere.
658 3337 816 3371 [natumst-1,
836 3339 927 3373 ἕξάγω]
970 3339 1127 3365 Vehementer
1188 3340 1221 3365 Et
1242 3347 1281 3372 ις,
1301 3348 1326 3371 15
1358 3340 1448 3367 Velim
1470 3351 1561 3375 cures,
1582 3349 1611 3369 vt
1623 3347 1789 3376 permutetur
1802 3340 1930 3374 Athenas,
1958 3341 2029 3375 quod
2045 3341 2075 3368 sit
2089 3341 2119 3367 in
2135 3348 2255 3369 annuum

67 3377 172 3395 mouere.
228 3367 374 3406 emyco.
387 3378 408 3402 3,
425 3379 463 3401 144
499 3372 578 3405 Qod
592 3373 610 3400 1ῑ
624 3374 684 3407 quis
697 3373 832 3400 sociorum
846 3373 1024 3401 incommodis
1037 3373 1126 3400 minus
1188 3375 1304 3402 sumtum
1320 3375 1355 3402 ei.
1411 3376 1514 3404 Scilicet
1529 3379 1593 3404 Eros
1610 3381 1620 3408 <
1628 3379 1717 3404 Romae
1730 3379 1895 3409 tantundem)
1916 3377 2077 3404 numerabit.
2165 3379 2198 3404 ft
2211 3385 2255 3411 12,

69 3410 212 3434 mouetur,
233 3402 251 3428 fi
264 3412 342 3437 quem
355 3411 491 3432 aratorum
501 3407 594 3443 fugae,
613 3410 791 3442 calamitates,
811 3409 908 3443 exilia,
934 3409 1071 3445 suspendia
1081 3410 1125 3436 de·
1188 3420 1216 3444 27
1248 3413 1280 3437 de
1297 3414 1399 3443 eodem,
1437 3413 1593 3440 Numorum
1607 3419 1734 3446 qnantum
1747 3421 1814 3446 opus
1829 3412 1897 3445 erit,
1917 3419 1945 3439 vt
1966 3419 2147 3447 permutetur,
2167 3419 2195 3440 tu
2214 3415 2255 3441 vi-

0 3461 7 3471 ,
28 3454 32 3455 ν
68 3440 151 3475 nique
164 3448 218 3464 non
231 3445 406 3473 permouent,
427 3448 473 3468 etc.
550 3444 661 3472 Animos
688 3446 744 3473 Cic.
759 3445 786 3471 in
800 3446 876 3473 Orat.
888 3455 910 3473 c.
926 3450 963 3478 28.
1072 3446 1127 3472 Au·
1190 3447 1274 3475 debis.
1347 3448 1387 3475 ld.
1403 3458 1437 3481 11,
1451 3458 1483 3483 24
1511 3449 1668 3484 Scripseras,
1689 3455 1717 3475 vt
1731 3449 1783 3475 HS.
1802 3448 1852 3475 XII
1878 3448 1975 3481 (intfll.
1991 3449 2093 3482 millia)
2121 3455 2254 3484 permuta-

68 3485 110 3504 res
124 3475 200 3502 duras
214 3474 396 3515 Fermfflffilmus
409 3474 531 3509 precibus
550 3478 641 3507 Claud.
655 3481 686 3508 de
699 3481 857 3509 Cous-Hon.
873 3483 898 3515 6,
914 3485 965 3514 368.
1074 3483 1127 3514 Ira,
1140 3492 1176 3517 90
1189 3490 1245 3513 ret;
1283 3488 1385 3511 tantum
1406 3486 1454 3512 else
1468 3485 1603 3519 reliquum
1623 3484 1654 3510 dc
1667 3490 1786 3519 argento.
1842 3484 1914 3511 Milit
1934 3484 1979 3511 illa
2002 3490 2114 3515 celon
2144 3485 2253 3516 (decem

63 3514 112 3549 ,Ψῖ
125 3511 198 3539 Ῑῑῑᾶῡ
219 3509 353 3546 Qfinffll·
367 3519 390 3551 ²³
403 3519 439 3538 ¹0·
511 3513 610 3541 Addsstl
624 3523 649 3543 et
664 3517 819 3552 permoueri
833 3527 862 3545 re
874 3518 963 3553 aliqua
983 3517 1054 3544 Caes.
1061 3517 1126 3544 Bell.
1188 3520 1293 3552 millia)
1311 3520 1397 3553 mihi,
1418 3528 1443 3548 et
1456 3520 1586 3555 adscripsit
1598 3526 1699 3548 tantum
1712 3521 1760 3546 ell‘e
1773 3519 1917 3554 reliquum.
1991 3523 2024 3547 Et
2036 3523 2137 3555 Att.14‚
2152 3531 2160 3547 1
2189 3522 2252 3554 Qm

69 3548 139 3576 (3³11-
155 3559 172 3581 Ι,
188 3557 198 3579 3
213 3555 251 3582 pr.
348 3547 467 3574 Cle-Ast·
481 3557 500 3581 ¹2
514 3556 536 3580 ¹3
556 3550 610 3583 Qi
623 3554 715 3580 moesti
730 3554 800 3580 inter
813 3554 851 3580 sui
867 3554 1000 3580 diffimiles
1014 3560 1039 3579 et
1052 3562 1127 3580 moe-
1188 3557 1247 3591 plus
1260 3557 1430 3591 permutasti,
1456 3566 1534 3591 quam
1550 3556 1580 3582 ad
1600 3557 1718 3583 frue'tum
1738 3555 1902 3590 insularum,
1930 3556 1958 3583 id
1976 3556 2023 3584 ille
2042 3565 2127 3584 annus
2140 3557 2252 3588 habeat,

68 3592 155 3612 rentes
170 3583 309 3616 sedebant,
346 3589 372 3610 et
385 3584 542 3618 contagione
556 3586 728 3621 turpitudinis
747 3590 920 3616 vehementer
934 3588 1127 3625 pcrmoueban-
1188 3593 1219 3619 in
1233 3601 1314 3626 quem
1327 3591 1432 3619 itineris
1446 3593 1543 3618 sumtus
1556 3592 1663 3618 acceslit.
1719 3593 1789 3619 Add.
1800 3590 1856 3619 Off.
1866 3600 1889 3625 2,
1903 3601 1928 3619 21
1943 3602 1965 3618 c.
1975 3595 2000 3620 6.
2061 3593 2134 3626 Conf.
2148 3595 2251 3621 Manat.

20 3645 22 3656 Ι
38 3650 44 3657 ἃ
69 3624 121 3646 tur.
211 3619 383 3646 Miseratione
397 3627 470 3659 mens
484 3619 602 3647 iudicum
616 3625 793 3656 permouenda
808 3625 845 3652 est
882 3625 939 3653 Cic.
956 3626 983 3651 in
998 3625 1074 3651 Orat.
1089 3633 1124 3657 131
1188 3630 1225 3654 ad
1234 3628 1306 3655 Fam.
1321 3637 1344 3662 2,
1359 3636 1396 3662 17.
1467 3629 1524 3655 cic.
1539 3628 1570 3654 de
1584 3627 1677 3661 Legib.
1690 3636 1719 3659 3,
1738 3636 1771 3654 20
1803 3628 1834 3654 C.
1849 3628 1982 3655 Gracchus
1998 3629 2082 3655 ruinis
2097 3635 2122 3655 et
2135 3628 2169 3654 iis
2182 3627 2249 3661 ficis,

20 3657 22 3677 ¹
70 3663 93 3681 t·
108 3661 142 3687 38·
231 3657 262 3682 In
275 3654 477 3682 commouendts
491 3656 640 3690 iudicibus,
660 3659 693 3685 iis
708 3660 768 3694 ipfls
784 3661 898 3688 sensibus
908 3680 917 3693 ,
936 3661 968 3688 ad
982 3669 1048 3694 quos
1063 3661 1126 3688 illos
1142 3665 1253 3699 95'quas
1269 3664 1323 3699 ipse
1339 3665 1362 3690 se
1376 3663 1512 3698 proiecisse
1528 3664 1556 3689 in
1571 3664 1661 3690 sorum
1680 3662 1765 3696 dixit,
1790 3663 1886 3697 qmbus
1904 3664 2118 3699 'digladiarentur
2138 3665 2208 3691 inter
2223 3665 2249 3689 se

20 3683 22 3699 ¹
70 3689 197 3717 adducere
210 3692 351 3724 volumus,
373 3692 528 3730 permoueri
556 3691 630 3719 Idem
644 3693 675 3720 de
689 3696 762 3723 Orat.
776 3705 798 3730 2,
811 3703 861 3730 ¹89-
970 3697 1127 3724 Permoueri
1188 3700 1278 3733 ciues,
1304 3708 1396 3726 nonne
1415 3707 1523 3726 omnem
1543 3699 1619 3733 Reip.
1640 3698 1733 3726 statum
1746 3699 1926 3731 permutauit3
2018 3701 2186 3730 Pennutare,
2203 3706 2249 3733 pm

70 3725 191 3753 Scribon.
205 3735 242 3753 122
262 3729 291 3752 de
305 3727 362 3753 bono
376 3726 463 3762 effdlu
475 3727 654 3755 medicamenti.
726 3732 863 3760 Permotus
876 3734 964 3759 nescio
978 3741 1030 3766 qua
1041 3733 1126 3760 animi.
1189 3737 1284 3762 Emere.
1359 3735 1427 3762 Plin.
1448 3743 1515 3767 3¹⁵]
1549 3733 1662 3768 Singulis
1681 3735 1801 3761 millibus
1822 3733 1934 3762 numsun
1952 3735 2166 3771 permutantibus
2187 3742 2248 3760 con-

71 3761 237 3788 diuinatione
258 3762 315 3790 Cic.
329 3763 401 3790 Fam.
416 3772 436 3794 3,
455 3772 484 3794 ¹3·
594 3764 732 3792 Permotus
745 3767 897 3803 iracundia,
917 3769 1028 3801 dolore,
1048 3774 1126 3795 -metu
1188 3771 1246 3806 gios
1261 3780 1342 3806 paene
1356 3771 1442 3797 binos.
1515 3770 1685 3805 Profimplici
1696 3776 1799 3801 mutare
1812 3771 1878 3797 Plin.
1893 3772 1971 3807 Epist.
1984 3782 2011 3806 9,
2024 3782 2056 3803 40
2085 3770 2182 3798 Scribis
2191 3777 2248 3808 pcr-

70 3796 145 3825 Idem
160 3798 213 3824 Att.
229 3807 266 3831 10,
280 3809 302 3829 4.
374 3798 502 3825 Lacrimis
516 3806 653 3834 permotus
671 3800 732 3826 Stat.
747 3801 838 3830 Theb.
854 3814 890 3839 12,
905 3812 958 3837 539¹·
1066 3804 1126 3832 Cic.
1187 3813 1272 3841 gratas
1285 3807 1337 3834 tibi
1352 3806 1427 3832 fuisse
1449 3805 1538 3832 literas
1558 3814 1644 3840 meas,
1671 3807 1768 3842 quibus
1786 3808 1951 3842 cognofflsti,
1975 3805 2204 3843 quemadmodum
2218 3812 2246 3829 m

70 3841 121 3869 pro
135 3833 240 3860 Caecin.
253 3843 283 3868 49
296 3844 318 3861 c.
333 3843 356 3867 ¹7
392 3834 473 3868 Qtod
489 3834 506 3861 fi
521 3834 623 3868 fuisset,
659 3842 727 3861 etex
744 3845 777 3862 eo
789 3838 849 3867 loco
861 3848 997 3875 permotus
1011 3839 1126 3874 fugisset,
1133 3843 1285 3870 100's11scis
1298 3842 1384 3869 otium
1399 3840 1500 3868 aestatis
1514 3841 1663 3877 erigerem:
1698 3843 1830 3878 requiris,
1852 3843 1915 3879 quid
1929 3853 1961 3872 ex
1974 3843 2026 3871 hoc
2040 3843 2068 3869 in
2081 3843 2246 3868 Laurenuno

71 3877 153 3904 quum
167 3874 281 3895 armatos
293 3870 413 3906 vidisset,
432 3878 476 3897 etc.
573 3871 710 3897 Permotus
723 3878 825 3908 mente,
859 3877 933 3910 quasi
945 3878 982 3903 De
995 3882 1073 3909 menn
1087 3885 1127 3903 re-
1186 3878 1276 3905 hieme
1294 3882 1450 3913 permutem.

32 3909 38 3913 “
70 3911 162 3936 motus,
182 3910 228 3938 pro
241 3905 337 3939 Insano.
393 3906 449 3933 Cic.
463 3905 495 3932 de
511 3906 603 3932 Diuin.
618 3915 638 3941 1,
653 3916 693 3940 129
719 3907 799 3940 Qtod
813 3912 925 3939 maxime
939 3911 1071 3945 contingit
1083 3917 1128 3939 aut
1228 3921 1245 3940 r
1256 3921 1272 3940 Ρ,
1283 3919 1303 3940 R
1314 3920 1339 3939 Μ
1350 3919 1370 3937 ν
1381 3919 1402 3938 Τ
1412 3915 1530 3945 Ᾱτνς,
1550 3913 1580 3946 a,
1599 3922 1656 3940 um.
1692 3912 1787 3941 partic.
1843 3914 1949 3942 Lucret.
1963 3924 1982 3948 1,
1995 3917 2038 3944 828
2063 3912 2181 3939 Tantum
2195 3908 2245 3936 ele-

72 3937 284 3974 dormientibus,
303 3947 349 3968 aut
359 3949 448 3969 mente
462 3942 599 3977 permotis.
715 3943 791 3970 Mare
803 3952 953 3978 pertnotum
967 3948 1053 3974 ventis
1073 3948 1128 3974 Lu·
1188 3956 1276 3977 menta
1291 3953 1391 3983 queunt
1405 3954 1555 3982 permutato
1567 3948 1665 3975 ordine
1676 3948 1743 3976 solo.
1801 3952 1870 3976 Add.
1886 3961 1907 3981 ς,
1921 3953 1970 3977 126.

73 3981 136 4002 eret.
153 3977 179 4010 6,
193 3976 246 4007 726·
351 3977 516 4005 Tumultum
536 3984 589 4006 tam
609 3978 764 4013 propinquo
782 3984 887 4016 tamque
898 3991 995 4019 magno
1009 3983 1127 4018 permoti
1227 3992 1241 4012 r
1252 3992 1268 4012 Ε
1279 3991 1296 4011 11
1306 3991 1331 4010 Μ
1341 3990 1359 4010 ν
1371 3989 1393 4010 T
1404 3990 1425 4010 A
1441 3990 1462 4010 'r
1474 3991 1483 4010 1
1494 3989 1514 4011 o
1525 4005 1533 4017 ‚
1552 3985 1621 4011 onis.
1645 3985 1666 4013 f.
1719 3986 1899 4021 [ἀπαλλαγὴ]
1954 3985 2010 4011 Cic.
2025 3983 2077 4009 Att.
2092 3990 2119 4014 ς,
2136 3989 2157 4011 ¹3
2189 3979 2246 4020 Eg?

24 4018 25 4056 l
73 4011 143 4047 Nep.
159 4021 178 4045 ¹2
191 4019 215 4044 ⁴,
230 4018 251 4043 3-
285 4011 355 4046 Cvnfi
370 4013 441 4041 Idem
456 4020 491 4049 ¹8,
505 4017 531 4048 ⁶,
544 4024 566 4042 2·
1138 4028 1323 4059 105praeterea
1336 4019 1470 4048 rationem
1484 4019 1635 4056 Philogeni,
1653 4026 1678 4048 et
1691 4021 1895 4056 permutationis
1910 4022 1975 4053 eius,
1990 4025 2067 4053 quam
2079 4024 2166 4044 tecum
2183 4015 2247 4047 fect,

1382 4063 1398 4093 5
1423 4054 1444 4084 Κ
1482 4064 1499 4083 z
2162 4050 2244 4077 edidi.
