2517 4231
36 210 108 250 425
452 197 498 238 N
553 196 587 237 E
623 188 672 239 xP

72 293 123 314 NE
134 284 335 321 oriiv'Tvs,
354 286 374 314 ὶ.
398 296 436 314 m.
492 287 623 324 Nouellus,
640 287 714 323 quast*
727 292 774 314 νέαν
793 286 884 319 vario,
908 288 940 313 id
955 287 990 324 est
1007 297 1094 316 nouum

31 331 143 358 germen.
197 323 227 349 In
241 324 317 350 sacris
337 323 422 350 literis
443 333 450 350 ι
466 323 574 357 Tiui.3,
589 326 605 351 6
622 323 736 356 dicitur,
752 323 807 356 Qi
822 332 906 358 nuper
920 323 951 350 ad
965 324 1043 352 fidem
1056 334 1095 352 ac-

34 354 117 390 ceffit,
136 357 206 393 quasi
219 368 303 394 nuper
313 359 413 386 inlitus.
434 358 525 387 llidor.
532 370 556 394 7,
569 370 593 392 4·
610 356 615 361 ⁴
630 358 749 386 Tertull.
765 359 814 386 l.c.
831 366 855 385 et
868 360 1050 396 Praesti-ipre.
1061 371 1094 395 4¹·

72 399 93 419 N
104 399 120 419 E
128 399 148 420 O
159 401 175 420 P
185 402 206 422 Τ
215 402 235 421 0
246 401 263 421 1.
272 393 290 422 Ε
301 401 326 422 Μ
340 401 361 422 V
373 401 387 423 S
400 416 408 428 ‚
427 396 444 422 i.
470 405 506 422 ul.
563 395 758 430 [ΝισπΊθΛεμος]
813 404 838 430 q.
860 396 885 421 A.
914 398 997 422 Nouus
1016 397 1094 424 miles.

1568 202 1789 246 NEP
2139 215 2216 265 426

1156 293 1247 328 piros,
1265 299 1372 329 carpent
1391 299 1528 330 tuapoma
1541 298 1658 330 nepotes.
1714 296 1755 322 De
1774 296 1877 329 agnatis
1897 302 1922 323 et
1939 301 2049 335 cognatis
2070 303 2139 337 apud
2154 302 2218 329 Stat.

1157 328 1222 355 Silu.
1237 337 1260 361 2,
1274 338 1293 362 ι,
1308 339 1350 363 ¹99
1371 331 1439 366 capit
1451 330 1579 357 Bar-thius.
1737 327 1758 369 ff
1779 339 1791 361 5
1830 331 1967 367 Nepotes,
1986 334 2109 371 [ἄσωτοι]
2131 339 2218 372 appel.

1157 364 1244 390 lantur
1259 364 1408 393 luxuriosae
1423 366 1492 393 vitae
1507 365 1645 400 hominm,
1664 365 1736 401 quod
1751 375 1804 393 non
1817 366 1894 394 aliter
1908 367 1941 393 iis
1953 371 1993 396 rci
2005 372 2064 399 suae
2078 373 2219 400 familiaris

1158 407 1220 425 cura
1233 399 1271 432 fit,
1285 409 1362 434 quam
1373 402 1416 433 iis,
1431 403 1526 436 quihus
1539 409 1612 438 pater
1620 409 1717 429 etauus
1725 403 1831 436 viuum,
1846 403 1943 429 Festus.
1980 408 2053 440 Conf.
2072 409 2171 443 casaub.
2185 411 2223 435 ad

35 428 111 468 Virg5
127 430 191 457 Aeu-
204 439 229 464 2,
245 433 288 463 263
311 431 464 472 Pelidesque
479 431 682 466 Neoptolemus,
702 430 856 465 primusque
865 431 1004 460 Machaon.
1042 433 1097 459 Vbi
1116 443 1130 466 5
1158 434 1226 461 Pers.
1239 434 1289 461 Sat.
1303 437 1327 462 6.
1386 439 1514 465 Cmmneut.
1525 443 1610 475 p.508.
1684 438 1779 466 Horat.
1794 438 1877 465 Scrm.
1890 447 1913 472 2,
1926 447 1948 472 3,
1964 448 2011 473 225
2042 443 2133 470 Vincit
2147 445 2220 471 enim

34 463 158 497 Seruius,
176 465 385 501 Neoptolemus,
405 476 451 502 qui
465 466 496 494 ad
510 465 607 493 bellum
621 465 715 492 duetus
728 465 764 492 est
778 475 850 500 puer.
909 469 948 503 1st
961 476 1042 495 autem
1056 478 1096 494 no.

33 508 87 525 men
101 501 197 533 Pyrrhi
207 502 314 528 Achillis
324 503 387 538 filii.
462 502 561 529 Furens
574 500 651 528 caede
679 501 754 536 Virg.
770 503 835 529 Aen.
851 511 876 536 2,
890 512 947 537 499.
1002 507 1041 530 Dc
1053 505 1095 530 hoc

34 534 90 562 Cic.
107 535 140 562 de
152 537 259 564 Aniicit.
272 546 305 573 75
334 539 391 566 Nec
408 537 481 567 enim
500 536 694 572 Neoptolemus
714 538 833 564 Troiam
854 547 945 573 capere
959 539 1096 574 potuisset,

34 569 53 597 fi
66 570 259 609 Lycomedem,
285 574 354 609 apud
373 582 452 608 quem
469 578 525 599 erat
545 572 668 599 educatus
716 574 806 600 multis
826 583 885 601 cum
905 575 1026 606 lacrymis
1045 574 1096 600 iter

35 607 110 633 suuni
134 607 323 643 impedientem
346 609 439 636 audire
464 607 594 635 voluiss'et.

33 643 89 677 qut's
97 643 161 669 idem
171 645 281 679 patitur,
292 647 358 681 quod
367 645 394 670 in
407 644 468 670 allos
474 644 551 676 fecit.
592 644 650 671 Vid.
668 645 780 672 Chiliad.

35 685 93 740 ¹³¹N
106 685 124 705 E
138 685 158 706 o
173 687 192 707 R
207 687 217 706 1
228 687 254 708 s.
308 679 410 709 iberiae
423 678 551 714 oppidum
565 679 682 715 infigne,
708 681 780 708 iuxta
800 680 960 708 Harmastim
982 679 1096 707 fluuium

66 713 102 741 in.
120 716 135 741 6
172 725 210 744 10.

71 756 94 775 N
103 757 120 777 Ε
131 736 152 778 ὁ
162 758 175 778 s
184 758 197 777 S
208 758 228 778 0
239 757 260 777 Τ
269 757 287 777 R
297 747 342 777 ὄΡ
352 755 372 776 Η
384 750 476 782 fiVM,
496 749 516 777 i.
537 759 565 778 n.
602 751 824 787 [νιοσσοι-ςοφεῖον]
859 751 947 777 νὸὶΊὌ
956 750 1057 783 R.R.3‚
1066 759 1096 777 ¹¹-

41 786 98 813 Vid.
125 791 475 813 NESSOTRoruivm.

71 820 295 854 ΝΕόΤέκίονε,
314 829 344 853 a,
364 829 418 847 um.
456 821 515 847 Adi.
548 823 692 854 Recentior;
717 822 822 856 νεώ-ερον
833 820 995 847 recentiorem
1007 822 1095 848 dicunt

34 857 135 884 Graeci.
205 858 268 884 Aur.
284 856 354 883 Vici.
366 856 398 883 de
406 857 482 892 Orig.
495 864 566 892 gent.
580 858 658 885 Rom.
671 866 713 894 pr.
743 859 776 885 Vt
790 857 931 892 quisquam
945 857 1094 884 neoterico-

31 900 94 919 runi
107 891 265 919 asseuerauit.
321 892 414 919 Claud.
427 894 550 920 Mamert.
565 893 598 920 de
609 895 704 921 Anima
720 903 739 926 ι,
752 902 764 924 3
792 893 954 920 Neotericus
970 894 1094 928 scriptor.

69 935 92 954 N
103 933 120 954 E
131 931 152 953 0
165 932 187 953 Τ
199 933 216 953 E
225 933 244 953 R
255 931 325 955 ICE.
362 928 430 955 Adu.
475 929 568 956 Ascon.
585 929 688 956 Pedian.
707 928 736 956 in
748 927 806 956 Cic.
819 928 913 955 Diuin.
929 938 952 963 15
982 930 1044 957 Hoc
1059 930 1095 957 le.

31 963 102 990 viter
113 970 128 989 a
141 961 273 990 Cicerone
286 962 389 991 dictum
403 971 429 992 et
443 965 579 993 neoterice
593 970 694 999 putant.

424 1073 427 1075 ,
447 1037 481 1070 Ν
551 1037 579 1069 Ε
647 1037 670 1069 P

64 1102 191 1139 ΝΕΡΑ,
210 1115 249 1134 ae.
275 1106 296 1135 f.
332 1106 478 1147 [anagn-lna]
515 1106 641 1142 Scorpium
653 1107 793 1143 fignificat.
866 1106 924 1134 Cic.
939 1105 971 1133 de
990 1106 1049 1133 Fin.
1064 1114 1092 1146 5,

1157 469 1250 496 stultos
1263 470 1333 496 ratio
1348 471 1462 499 insanire
1478 482 1597 509 nepotes.
1669 474 1726 503 Cic.
1739 483 1789 510 pro
1803 474 1896 508 Quint.
1911 483 1944 507 40
1977 476 2046 509 Quis
2065 483 2117 504 tam
2135 480 2221 513 perdi-

1159 510 1200 531 tus
1213 513 1242 531 ac
1256 506 1379 545 profusus
1396 517 1492 542 nepos,
1518 519 1572 537 non
1587 510 1660 537 adesa
1674 510 1743 545 iam,
1763 509 1805 537 sed
1817 509 1961 537 abundanti
1977 512 2088 546 pecunia
2100 513 2132 539 fic
2146 515 2221 542 disso-

1158 540 1230 567 lutus
1244 541 1348 576 sufflet,
1366 547 1395 569 vt
1408 543 1461 569 suit
1475 545 1542 571 Sext.
1556 546 1693 573 Naeuius?
1764 545 1802 574 id.
1819 555 1869 581 pro
1880 546 1950 582 Lege
1963 547 2026 582 Agr.
2036 556 2063 581 ι,
2079 557 2095 575 z
2126 550 2221 577 Videte

1160 584 1231 602 nunc
1243 577 1368 611 proximo
1382 578 1482 612 capite,
1509 586 1536 606 vt
1559 581 1679 621 impurus
1693 581 1775 609 heluo
1794 582 1883 610 turbet
1896 583 1990 618 Remp.
2005 588 2033 610 vt
2046 591 2061 609 a
2075 584 2222 612 maioribus

673 595 849 644 Neoptolemi
870 610 1009 639 vindieim
1051 610 1097 635 Vbi
1114 619 1142 637 10
1159 612 1256 638 nostris
1270 611 1376 640 reliftas
1396 613 1526 648 disperdat
1540 621 1566 641 et
1584 616 1696 651 dissipet:
1733 623 1763 645 vt
1782 617 1811 645 fit
1829 626 1885 645 non
1902 618 1989 645 minus
2010 619 2040 646 in
2060 620 2124 655 Pop.
2143 621 2223 649 Rom.

1159 647 1327 688 patrimonio
1339 657 1436 683 nepos,
1456 658 1536 684 quam
1549 651 1577 677 in
1593 653 1650 679 suo.
1722 654 1786 680 lbid.
1802 661 1839 688 47
1869 655 1905 682 Vt
1920 654 1948 681 in
1961 654 2041 682 rebus
2056 655 2125 689 suis,
2146 657 2181 683 ita
2195 657 2223 683 in

1160 684 1226 718 Rep.
1240 684 1391 711 luxuriosus
1403 694 1501 720 nepoS‚
1521 687 1580 720 qui,
1601 693 1647 714 etc.
1717 688 1866 716 Discinetus
1880 699 1962 725 nepos
1986 691 2056 718 Hor.
2065 691 2147 726 Epod.
2159 701 2177 727 i,
2186 701 2222 725 32.

1160 719 1301 746 Luxurioli
1315 726 1393 755 atque
1407 727 1515 755 nepotes
1543 722 1660 750 Laftant.
1673 731 1695 756 3,
1709 731 1751 750 22.
1789 726 1856 752 Adcl.
1870 726 1927 754 Cic.
1940 727 2019 754 Catil.
2028 736 2041 754 2
2061 736 2082 755 c.
2094 737 2118 760 4.
2193 730 2224 755 in

1158 755 1299 782 rhetorum
1313 764 1341 782 ae
1354 755 1577 791 philosophorum
1592 757 1687 785 scholis
1704 759 1820 785 solitudo
1833 760 1884 787 est:
1921 768 1947 789 at
1959 772 2038 798 quam
2051 763 2168 791 celebres
2182 773 2225 790 cu-

1117 795 1140 818 15
1159 791 1229 818 linae
1242 791 1320 818 sunt?
1357 798 1455 826 quanta
1469 792 1539 819 circa
1553 799 1679 828 nepotum
1693 794 1778 820 Focos
1798 795 1923 823 iuuentus
1943 799 2060 833 premit?
2097 799 2156 827 Sen.
2175 800 2224 836 Ep.

1158 835 1200 860 95.
1307 824 1328 864 Ἴ
1349 829 1366 854 6
1402 828 1471 854 Ηὶηι·
1484 828 1577 863 Nepos
1589 830 1725 864 aliquando
1739 832 1875 863 Cognomen
1889 835 2048 861 contumeliae
2061 835 2119 869 fuit
2136 846 2153 861 a
2168 842 2224 871 pro.

1158 862 1311 898 digalitate‚
1336 870 1366 889 vt
1382 865 1412 889 de
1434 864 1472 897 Q
1484 864 1595 891 Metello
1608 864 1697 900 collega
1722 866 1748 891 P.
1767 866 1874 892 Lentuli
1895 876 1948 894 cos.
1981 870 2074 904 scribit
2090 871 2224 899 Valerius.

1158 900 1225 924 vnde
1237 899 1296 932 lusit
1308 899 1364 925 Cic.
1373 901 1426 926 Att.
1435 902 1462 933 6,
1477 909 1489 926 2
1517 900 1610 927 Sumtu
1623 900 1676 927 iani
1691 900 1783 936 Nepos
1797 901 1876 928 euasit
1889 902 2014 938 Scaptius.
2070 908 2172 935 Patrem
2186 914 2226 935 ta.

1157 944 1211 960 men
1219 934 1331 966 Metelli,
1350 945 1410 970 cum,
1418 936 1521 970 quicum
1531 937 1561 962 T.
1571 937 1649 963 Didio
1656 936 1741 971 consul
1750 937 1825 970 fuit,
1840 938 1875 971 Q.
1887 939 2025 967 Metellum
2039 942 2174 977 Nepotem
2181 952 2225 970 vo-

1107 975 1140 993 20
1157 978 1216 996 cant
1227 971 1302 998 etiam
1316 971 1464 1007 Capitolini
1474 971 1617 1007 scriptores.
1672 972 1808 1007 Nepotem
1820 981 1901 999 autem
1915 984 1967 1000 eum
1983 976 2090 1012 ditium,
2110 979 2230 1017 quastQ

1156 1005 1254 1032 Metelli
1272 1007 1433 1033 Macedonici
1452 1014 1577 1042 nepotem,
1597 1008 1729 1043 fignificat
1749 1010 1777 1034 in
1798 1008 1988 1037 Cornelianam
2003 1019 2045 1046 pr.
2071 1014 2225 1044 Paedianus.

1157 1043 1196 1068 Ex
1209 1043 1295 1077 Sigon.
1353 1041 1429 1076 Conf.
1442 1043 1531 1070 Valet.
1545 1045 1616 1071 Max.
1630 1053 1657 1077 9,
1673 1053 1697 1077 ι,
1712 1052 1734 1076 ς.
1754 1050 1779 1071 et
1791 1053 1815 1078 9,
1830 1054 1870 1078 14,
1883 1055 1906 1077 4.
1961 1048 2012 1073 Sed
2022 1049 2134 1083 alioquin
2148 1051 2225 1079 etiam

1150 1077 1212 1111 fuit
1231 1078 1338 1113 vulgare
1355 1079 1467 1112 plurium
1485 1088 1630 1113 cognomen,
1656 1087 1685 1105 vt
1697 1080 1756 1114 suit
1774 1081 1877 1106 celebris
1895 1080 1935 1106 ille
1955 1083 2066 1118 Scriptor
2082 1085 2225 1114 Cornelius

1157 1113 1281 1148 Nepos.·
1335 1114 1488 1141 Herennius
1510 1115 1604 1150 Nepos
1636 1115 1724 1142 Seuer.
1746 1124 1767 1142 c.
1783 1124 1815 1148 ¹3·
1888 1116 2008 1145 Licinius
2028 1119 2121 1155 Nepos
2158 1122 2226 1151 Plin.

27 1149 63 1175 42
75 1151 131 1174 c.15
161 1143 271 1178 Serpere
281 1142 452 1177 anguiculos,
472 1150 536 1169 nare
547 1143 706 1176 anaticulas,
730 1143 839 1170 euolare
852 1143 983 1176 merulas,
1004 1151 1092 1169 corni·
1109 1157 1136 1183 25
1156 1148 1235 1184 Epist,
1250 1151 1276 1184 6,
1288 1158 1311 1180 ς,
1385 1151 1423 1184 Q
1433 1151 1556 1178 Metellus
1569 1151 1662 1186 Nepos
1690 1152 1834 1178 Cic,pr0u,
1848 1151 1972 1181 Cons,22,
2007 1163 2031 1181 η
2045 1156 2111 1183 post,
2123 1157 2179 1184 red⁴
2191 1158 2224 1185 ad

26 1177 77 1204 bus
90 1179 131 1205 vti
144 1178 278 1205 videamus
292 1178 391 1210 boues,
411 1186 490 1213 nepas
507 1178 621 1213 aculeis,
646 1179 720 1207 suam
732 1179 847 1214 denique
860 1179 957 1214 cuique
970 1185 1092 1205 naturam

27 1214 78 1240 else
89 1214 121 1240 ad
133 1215 279 1241 viuendum
292 1213 394 1241 ducem.
450 1214 538 1240 Festus
547 1235 556 1248 ,
578 1215 654 1250 Nepa
666 1215 797 1242 Afrorum
810 1215 901 1251 lingua
910 1235 918 1249 ‚
938 1214 1006 1242 fidus
1018 1213 1092 1249 quod

27 1251 129 1277 Cancer
139 1251 283 1286 appellatur
292 1270 301 1283 ,
320 1249 363 1276 vel
376 1255 406 1276 vt
420 1249 529 1284 quidam
543 1250 652 1285 volunt,
670 1251 803 1286 Scorpius.
877 1253 917 1277 De
934 1260 1024 1277 cancro
1037 1251 1092 1276 ani.

27 1286 91 1312 mati
102 1286 189 1313 Seren.
200 1287 332 1313 Sammon.
342 1294 387 1319 199
414 1285 590 1322 Viuentisque
606 1296 687 1322 nepae
699 1287 790 1314 lumen
802 1285 917 1322 gestetur
924 1286 1049 1320 amicum,
1074 1285 1092 1312 i.

1157 1185 1237 1218 Qir.
1254 1188 1280 1212 6.
1352 1186 1484 1213 Pletorius
1504 1187 1596 1222 Nepos
1638 1188 1767 1222 Spartian.
1785 1187 1894 1214 Adrian.
1914 1198 1936 1215 c.
1955 1199 1978 1222 4.
2159 1190 2180 1229 ff
2207 1202 2224 1229 7

1157 1221 1295 1256 Nepotes,
1314 1221 1342 1246 in
1360 1222 1424 1248 Vite.
1498 1222 1631 1249 Columel.
1644 1233 1669 1256 4,
1681 1225 1698 1248 6
1724 1223 1799 1249 Idem
1810 1229 1898 1250 tamen
1911 1225 2071 1253 sarmentum
2081 1249 2090 1263 ,
2109 1229 2184 1262 quod
2195 1230 2225 1256 in

1155 1257 1297 1284 materiam
1310 1257 1518 1292 summittimus,
1537 1258 1570 1285 ab
1586 1258 1643 1285 imo
1658 1266 1741 1291 vsque
1754 1258 1783 1285 in
1796 1264 1849 1285 tres
1862 1259 1939 1294 pedes
1948 1281 1956 1294 ,
1974 1268 1999 1288 et
2014 1263 2141 1290 seiniss‘em
2154 1274 2225 1299 pam-

1156 1292 1325 1328 pinabimus,
1350 1298 1376 1319 et
1389 1302 1481 1320 omnes
1494 1294 1551 1320 eius
1566 1294 1635 1321 intra
1650 1294 1678 1320 id
1692 1294 1804 1329 spatium
1818 1302 1926 1335 nepotes
1939 1304 2030 1324 enatos
2043 1298 2223 1334 decerpemus.

27 1322 110 1347 oculus
126 1325 227 1356 cano-i,
246 1324 310 1357 quod
321 1322 484 1357 lippitudinis
495 1324 695 1350 medicamentum
710 1327 879 1350 commendant
893 1323 960 1350 Piin.
972 1331 1014 1356 32,
1027 1332 1040 1355 7
1068 1329 1092 1362 {t
1109 1336 1140 1360 30
1156 1330 1221 1356 lbid.
1237 1337 1303 1363 c.24
1341 1330 1397 1356 Iam
1409 1338 1476 1356 vero
1490 1330 1559 1365 ipsos
1572 1329 1709 1365 palmites,
1741 1339 1808 1365 quos
1839 1332 1992 1360 vindemiae
2025 1343 2226 1370 praeparamus,

27 1357 175 1385 Marcellus.
246 1358 326 1385 Plaut.
340 1356 424 1384 Casin-
439 1366 467 1390 2,
481 1363 494 1388 8
503 1378 511 1391 ,
524 1366 542 1392 7
573 1359 698 1390 Recessim
712 1359 802 1386 cedam
816 1359 848 1385 ad
862 1359 992 1394 parietem
1001 1379 1010 1391 ,
1033 1358 1093 1385 imi-

28 1393 107 1420 tabor
119 1402 212 1429 nepam
221 1416 229 1429 ,
248 1393 387 1429 captandus
401 1392 438 1419 est
450 1392 550 1420 horum
562 1395 712 1422 clanculum
726 1395 814 1422 sermo
828 1395 906 1422 mihi.
961 1394 1093 1428 Desidere

27 1438 114 1455 cancro
127 1430 260 1457 Columel.
275 1439 310 1463 n,
323 1438 335 1455 2
368 1428 459 1456 Idibus
479 1430 572 1457 Martii
587 1431 664 1466 Nepa
677 1431 773 1466 incipit
786 1431 908 1458 occidere
922 1441 928 1457 ι
966 1429 1092 1465 significat

26 1464 198 1500 tempestates.
235 1465 292 1492 Cic.
301 1465 332 1491 de
340 1465 402 1492 Nat.
410 1466 491 1492 Deor.
499 1474 523 1499 2,
537 1475 583 1499 109
601 1476 668 1501 c.4z.
743 1469 776 1493 Et
787 1468 815 1493 in
830 1468 912 1494 Arato
926 1473 973 1500 438
1000 1467 1091 1498 Qiare

26 1499 110 1535 quuul
121 1501 224 1537 magnis
237 1502 288 1528 sese
303 1502 379 1537 Nepa
393 1500 495 1527 lucibus
509 1501 594 1528 effert.
655 1503 727 1538 Conf.
741 1503 838 1531 Manil.
853 1512 883 1537 2,
899 1511 938 1536 32..
963 1510 987 1529 et
999 1511 1034 1535 4,
1047 1503 1092 1534 356
1112 1513 1138 1537 35

27 1546 49 1563 c.
64 1544 115 1564 not.
129 1538 221 1574 Scalig.
233 1546 259 1574 p.
268 1547 321 1570 ²99·
378 1537 486 1564 Colum.
501 1547 528 1564 ιο
540 1558 548 1571 ,
562 1546 602 1573 57.

63 1579 87 1599 N
95 1580 112 1600 Ε
121 1580 136 1600 P
144 1579 166 1600 A
175 1580 194 1600 R
203 1580 220 1600 C
232 1580 253 1601 v
263 1581 274 1601 s
285 1594 294 1608 ,
313 1582 344 1608 a,
362 1582 418 1600 uin.
456 1574 475 1601 i.
496 1583 543 1599 non
552 1581 653 1610 parcus.
671 1575 702 1601 ab
716 1574 833 1601 Acidalio
847 1575 942 1611 legitur
954 1580 995 1610 ap.
1008 1572 1091 1600 Plaut.

29 1608 195 1671 “ignit-1²¹2&
202 1619 256 1673 ΊἸΊἫ
265 1651 282 1672 E
293 1652 306 1671 S
315 1666 324 1679 ‚
343 1645 374 1672 is.
411 1654 438 1672 n.
474 1644 617 1685 [νηπινθῆς]
674 1646 759 1672 Herba
771 1645 812 1682 est.
871 1646 938 1673 Plin.
953 1653 996 1679 23,
1010 1653 1035 1672 2.
1057 1646 1092 1670 'de

1155 1365 1292 1393 clauiculis
1305 1374 1334 1392 ac
1349 1365 1492 1401 nepotibus
1507 1365 1659 1392 liberandos
1674 1375 1834 1401 magnopere
1848 1368 1949 1395 censeo.
2002 1370 2076 1404 Confi
2085 1371 2216 1406 Colum.4

1156 1409 1187 1428 ιο
1207 1408 1232 1427 et
1243 1407 1280 1432 28-
1317 1402 1348 1428 it.
1362 1411 1389 1433 3,
1404 1404 1430 1428 6.
1505 1402 1580 1442 Virg.
1595 1402 1694 1437 Georg.
1707 1411 1740 1442 2¹,
1754 1408 1792 1435 58.
1971 1402 1992 1441 fl
2018 1410 2033 1435 8
2073 1407 2184 1434 Tandem
2198 1393 2228 1434 iri

1152 1437 1238 1473 peiore
1251 1438 1384 1464 Columel.
1400 1440 1427 1470 6,
1442 1447 1469 1471 37
1500 1437 1642 1464 Eiusmodi
1661 1438 1826 1466 admissarius
1844 1448 1945 1475 onager
1961 1440 2105 1476 nepotibus
2124 1444 2227 1480 magis,

1157 1481 1237 1507 quam
1252 1472 1316 1499 filiis
1331 1473 1434 1500 vtilior.
1493 1475 1532 1500 De
1541 1483 1634 1509 genere
1649 1474 1781 1501 mularum.

1195 1514 1268 1535 ΝΕΡ
1278 1515 1300 1535 T
1311 1516 1321 1535 1
1333 1514 1362 1542 s,
1381 1509 1412 1537 is.
1432 1509 1452 1536 f.
1490 1508 1597 1544 [ὖιωνῆ]
1634 1511 1716 1545 Nepos
1722 1510 1833 1543 ftmina.
1865 1513 1868 1516 ’
1890 1511 1946 1538 Cic.
1961 1511 1993 1539 de
2001 1512 2072 1540 Clar.
2087 1514 2162 1542 Orat.
2175 1525 2195 1549 1,
2210 1523 2226 1543 2

1157 1543 1228 1579 Ergo
1239 1544 1313 1571 illam
1327 1545 1409 1580 pati-is
1422 1545 1552 1580 elegantia
1569 1545 1680 1572 tinCtam
1693 1544 1825 1573 vidimus:
1860 1552 1886 1573 ct
1900 1547 1968 1573 filias
1983 1548 2039 1575 eius
2053 1550 2153 1578 Mutias
2173 1560 2227 1578 am-

1157 1579 1218 1610 bas,
1238 1588 1351 1614 quarum
1364 1581 1452 1608 sermo
1470 1580 1540 1607 mihi
1554 1581 1608 1608 fuit
1619 1587 1713 1608 notus:
1752 1587 1778 1608 et
1791 1589 1882 1616 neptes
1897 1582 2021 1611 Licinias.
2059 1586 2127 1613 Plin.
2141 1596 2171 1621 7,
2188 1594 2227 1621 45.

1157 1615 1251 1650 Nepos
1265 1623 1304 1649 23,
1316 1625 1343 1650 9,
1357 1626 1381 1654 4.
1454 1616 1604 1644 Arbitrium
1618 1618 1704 1652 neptis
1717 1615 1830 1644 habebat
1842 1627 1908 1645 auus
1934 1618 2014 1646 Ouid.
2022 1621 2101 1656 Epist.
2119 1629 2142 1653 8,
2156 1631 2190 1655 3²·

1197 1658 1220 1677 N
1232 1657 1272 1678 ΕΡ
1284 1659 1325 1678 Ti
1337 1658 1354 1679 c
1366 1650 1389 1679 ν’
1399 1658 1416 1678 1.
1427 1659 1467 1686 A,
1488 1661 1527 1679 ae.
1547 1652 1567 1681 f.
1603 1653 1705 1680 Dimin.
1743 1653 1889 1686 symmach.
1903 1654 1982 1689 Epist.
1995 1658 2022 1690 6,
2036 1665 2063 1690 3²
2098 1657 2227 1694 Nepticu-

30 1681 133 1707 Homero
145 1682 259 1716 loquens,
283 1681 385 1708 Hei-bas
400 1687 470 1708 certe
485 1683 623 1716 Aegyptias
638 1689 652 1706 a
664 1682 734 1715 regis
747 1690 832 1708 vxore
847 1682 954 1708 traditas
968 1682 1026 1707 suae
1039 1681 1093 1706 He·
1105 1695 1143 1722 40
1156 1686 1196 1713 lae
1209 1696 1284 1713 meae
1298 1688 1389 1714 Gallae
1406 1688 1558 1714 infirmitas,

29 1715 104 1743 lenae
116 1715 242 1751 plurimas
256 1723 359 1751 narrat,
380 1726 409 1743 ae
423 1716 514 1743 nobile
528 1716 595 1742 illud
609 1717 765 1750 nepenthes,
783 1717 952 1743 obliuionem
961 1716 1092 1748 tristitiae,

28 1752 187 1787 veniamque
198 1753 327 1786 afferens,
352 1759 378 1778 et
389 1751 423 1778 ab
440 1753 541 1777 Helena
561 1752 654 1785 vtique
672 1752 800 1778 omnibus
817 1752 975 1778 mortalibus
1002 1751 1093 1786 propi-

27 1787 154 1814 nandum.
210 1788 336 1814 Hactenus
346 1786 396 1813 ille.
452 1788 544 1821 Nempe
551 1787 713 1821 pharmacum
727 1786 791 1812 iuuit
803 1789 870 1821 quod
875 1788 971 1813 Helena
981 1788 1092 1814 Telema-

25 1823 68 1847 cho
81 1823 204 1856 confecit,
225 1821 345 1857 Odyffiae
355 1830 373 1854 4
398 1822 519 1847 Homerm
532 1821 637 1856 appellat
649 1826 766 1855 mandet,
784 1822 858 1856 quasi
867 1820 967 1853 ἆέΛηνι-ον.
1023 1823 1093 1850 Nar-

1194 1729 1217 1749 N
1229 1729 1246 1749 Ε
1255 1730 1271 1749 P
1282 1729 1302 1750 o
1314 1730 1336 1750 Τ
1347 1722 1368 1750 xi
1379 1730 1396 1750 L
1406 1729 1428 1749 v
1438 1730 1451 1749 s
1460 1744 1468 1756 ,
1493 1724 1512 1749 i.
1533 1733 1570 1750 m.
1607 1723 1711 1749 Dimin.
1749 1724 1891 1759 [ἐκγόνων]
1928 1724 2011 1753 Plaut.
2025 1727 2086 1753 Mil:
2099 1735 2122 1761 ς,
2136 1737 2168 1755 20
2200 1730 2228 1756 Si

1155 1763 1182 1785 te
1194 1758 1295 1786 saluum
1308 1758 1371 1785 hinc
1385 1759 1518 1786 mittimus
1531 1759 1573 1785 ire
1587 1758 1736 1786 Venerium
1757 1758 1923 1793 nepotulum.
1979 1763 2049 1789 Add.
2069 1763 2131 1790 ibid.
2150 1773 2176 1791 v.
2190 1772 2228 1795 28.

1193 1801 1217 1821 N
1227 1801 1244 1820 Ε
1253 1800 1269 1820 P
1279 1800 1298 1821 ο
1306 1800 1328 1821 Τ
1340 1796 1354 1821 ι·
1362 1802 1384 1821 Ν
1394 1803 1414 1822 ν
1425 1801 1438 1821 s
1448 1815 1456 1828 ,
1476 1803 1490 1821 a
1498 1815 1507 1828 ‚
1527 1803 1583 1821 um.
1639 1794 1698 1822 Adi.
1753 1795 1765 1828 [
1777 1796 1916 1830 ἁσωτικός]
1970 1797 2039 1824 Suet.
2054 1798 2140 1835 Calig.
2159 1810 2182 1827 c.
2195 1808 2228 1836 37

1155 1829 1302 1865 Nepotinis
1317 1830 1446 1858 sumtibus
1461 1831 1584 1857 omnium
1597 1829 1775 1865 prodigorum
1791 1830 1898 1865 ingenia
1911 1831 2054 1866 superauit.
2092 1836 2117 1862 h.
2131 1845 2152 1863 e.
2179 1838 2228 1863 Lu-

26 1856 104 1883 randi
114 1864 341 1892 opportunitatem
351 1877 359 1889 ‚
380 1865 448 1890 quae
461 1856 593 1892 hospitem
606 1859 740 1885 moeroris
755 1857 887 1892 oblitum,
909 1859 983 1885 flexit
990 1859 1023 1886 acl
1030 1868 1092 1894 gau·
1110 1874 1140 1900 45
1156 1866 1263 1900 xuriffs
1275 1874 1299 1892 et
1308 1867 1446 1893 immodicis
1457 1866 1622 1902 impeffm-um
1633 1866 1826 1901 profifionibus,
1883 1868 1946 1894 Sum
1957 1871 2001 1904 qm·
2013 1879 2061 1896 „on
2073 1871 2161 1907 legam
2173 1872 2228 1902 Ne,

26 1892 117 1926 dium,
137 1900 320 1928 interpretatur
332 1893 452 1920 Macrob.
465 1900 498 1927 7,
517 1902 535 1920 i.
607 1895 720 1931 Qidam
751 1894 888 1929 buglqllizm
913 1894 1091 1931 suspicantur,

20 1934 152 1964 propterea
165 1929 231 1963 quod
242 1928 302 1954 vino
319 1929 411 1955 iniecta
430 1930 587 1955 bilaritatem
607 1930 720 1964 inducit,
741 1931 799 1966 teste
815 1932 919 1958 Galeno.
977 1933 1024 1957 Cui
1035 1931 1093 1967 sub-

20 1964 112 2000 scribit
125 1963 191 1991 Plin.
200 1972 241 1997 25,
254 1970 268 1994 8
294 1965 389 1991 Nomen
401 1965 472 1991 habet
484 1975 500 1990 a
514 1971 539 1996 νὴ
548 1965 695 2000 priuatoria
705 1967 837 2001 particula
845 1987 855 1999 ,
879 1974 905 1993 et
917 1971 994 1997 πένθος
1006 1968 1092 1995 Ιιιέῖιις.

26 2001 94 2026 Idem
108 2000 174 2027 Plin.
182 2009 216 2033 21,
229 2009 252 2027 21
288 2001 319 2027 de
331 2001 426 2027 belenio
438 2001 528 2034 herba,
549 2001 707 2028 Attribuunt
720 2008 747 2029 et
760 2002 903 2029 hilaritatis
917 2003 1042 2029 effectum
1055 2003 1093 2029 ei-

26 2035 87 2063 dem
104 2042 181 2072 potae
199 2045 229 2062 in
248 2036 330 2070 vino,
363 2045 479 2071 eumque
499 2046 579 2071 quem
598 2037 723 2064 habuerit
741 2037 885 2071 nepenthes
905 2038 972 2064 illud
991 2039 1093 2071 praedi·
1108 2051 1140 2073 50

25 2078 110 2099 catum
122 2072 156 2099 ab
169 2072 302 2105 Homero,
322 2072 394 2106 quod
408 2071 515 2098 tristitia
528 2073 617 2098 onmis
633 2072 780 2099 aboleatur.
821 2072 1004 2099 Vid.Maerob.
1014 2073 1030 2098 l.
1039 2082 1060 2098 c.
1076 2082 1092 2097 i.

27 2109 151 2134 Budaeum
162 2108 190 2132 in
201 2107 372 2142 posterioribus
384 2107 599 2139 mactationibus,
626 2108 736 2132 Caelium
752 2116 792 2140 19,
806 2115 828 2138 3.
849 2114 872 2132 et
885 2110 934 2139 26,
954 2115 991 2140 25.
1047 2108 1094 2133 Fa-

26 2142 94 2171 bric.
108 2142 234 2169 Bibl.Gr.
249 2143 266 2168 l.
275 2150 290 2167 2
302 2150 324 2168 c.
333 2143 350 2167 6
364 2139 428 2178 §.13.
485 2143 516 2166 Et
526 2142 652 2176 peculiari
662 2141 740 2168 libello
753 2144 808 2168 Pet.
820 2143 850 2167 tle
861 2143 887 2167 la
902 2143 983 2170 Scine.

65 2186 87 2206 N
100 2183 276 2210 ΕΡΕςιΝι,
312 2179 368 2203 vid.
382 2185 444 2203 mox
459 2183 480 2202 N
494 2183 669 2204 EPETAn.
683 2186 708 2204 2.

64 2220 91 2240 N
101 2220 142 2240 ΕΡ
153 2211 170 2240 i}
182 2219 204 2240 T
216 2219 253 2248 Α,
266 2213 322 2245 siue
342 2219 364 2239 N
375 2219 392 2239 Ε
405 2219 419 2239 1³
432 2219 441 2238 i
453 2219 505 2239 TA
514 2233 522 2245 ‚
542 2222 580 2239 ae.
602 2214 622 2240 f.
660 2214 824 2248 [καλαμίνοη]
867 2213 961 2246 Herba,
972 2222 1036 2247 quae
1045 2220 1091 2249 pu.
1109 2230 1137 2257 55

26 2251 119 2285 legium
130 2248 224 2285 agreste
236 2249 311 2283 vulgo
321 2249 373 2273 dici
382 2254 498 2282 putatur.
572 2249 705 2274 Columel.
725 2255 747 2280 ς,
763 2257 775 2280 7
796 2251 829 2273 At
842 2247 860 2274 fi
874 2249 982 2275 molesta
995 2250 1091 2284 pituita

26 2286 79 2318 est,
96 2285 199 2312 cunilae
215 2284 334 2316 bibulae,
354 2284 395 2310 vel
408 2290 517 2318 nepetae
529 2282 652 2310 filucstris
666 2284 764 2310 surculi
777 2284 833 2310 lana
847 2284 966 2311 inuoluti
980 2285 1090 2312 naribus

26 2322 186 2348 inseruntur.
259 2320 324 2346 Plin.
337 2327 380 2352 20,
396 2328 420 2351 ¹4
444 2320 511 2346 Item
526 2319 632 2354 pulegio
647 2320 683 2347 est
696 2326 858 2354 nepetaeque
871 2320 990 2347 societas.
1033 2323 1090 2348 Vid.

27 2358 125 2384 Macer.
141 2367 167 2390 ι,
180 2366 202 2387 5·
228 2363 252 2381 et
265 2356 354 2382 Seren.
368 2364 416 2387 420
435 2363 459 2381 et
472 2364 525 2388 503.
704 2354 725 2393 ff
752 2364 765 2381 2
801 2355 921 2390 Nepeta,
950 2356 1090 2392 [Nemi-oc]

31 2393 161 2427 Tuscorum
175 2392 234 2416 vrbs
249 2391 387 2417 Ptolemaeo
398 2401 421 2423 3,
434 2401 454 2417 1.
509 2390 568 2418 Liu.
583 2393 609 2424 6,
621 2399 648 2425 9.
722 2392 790 2417 Hinc
1105 2400 1140 2426 60

69 2434 92 2453 N
103 2434 119 2453 E
129 2434 143 2454 r
152 2434 168 2453 Ε
177 2434 190 2452 s
202 2434 212 2453 1
222 2430 279 2459 Νι,
304 2426 396 2453 incolae
412 2427 471 2453 Liu.
481 2429 507 2462 6,
520 2435 559 2453 10.

67 2469 91 2489 N
102 2469 119 2489 E
129 2469 143 2489 F
152 2469 173 2489 Η
182 2460 201 2490 122⁴
209 2470 226 2489 ι,
237 2469 254 2488 Ε
261 2483 270 2496 ,
290 2471 325 2489 es.
345 2461 364 2489 f.
400 2463 414 2496 [
420 2463 533 2498 ΝεφέΛη]
575 2464 642 2488 onr
654 2462 834 2497 Athamantis,
853 2468 879 2489 et
893 2463 983 2490 matris
990 2464 1090 2499 Phryxi

30 2505 56 2525 et
68 2498 157 2525 Helles.
200 2500 266 2524 Vnde

66 2539 90 2559 N
98 2540 115 2560 Ε
123 2540 138 2560 Ρ
149 2540 170 2560 Η
181 2539 198 2560 Ε
209 2540 225 2559 1.
234 2540 250 2560 Ε
260 2541 269 2560 1
279 2539 308 2566 s,
335 2532 403 2559 idos.
448 2533 516 2559 Filia
531 2532 665 2568 Nepheles
673 2554 681 2566 ,
707 2533 795 2561 Helle.
870 2535 953 2562 Ouid.
973 2536 1038 2563 Met.
1051 2545 1072 2563 ιι
1081 2557 1090 2570 ,

1155 1902 1258 1938 potinis
1266 1902 1315 1936 sed
1327 1901 1494 1938 Nepotati‘iS,
1513 1902 1703 1938 cafiaGenitin.

1195 1940 1375 1973 NEP6TOR,
1396 1940 1446 1966 ari.
1467 1939 1532 1973 Dep.
1553 1939 1695 1973 [κομάζω]
1714 1937 1882 1973 Luxurioseet
1887 1941 1996 1976 prodige
2008 1942 2102 1971 viuere.
2139 1943 2228 1971 Senec.

1157 1973 1190 2001 de
1205 1974 1319 2002 Benefic.
1333 1985 1358 2008 ι,
1373 1984 1396 2006 ις
1424 1976 1495 2001 Veto
1510 1974 1697 2001 liberalitatem
1711 1974 1844 2009 nepotari.
1880 1976 1899 2001 i.
1929 1976 2077 2011 Beneficium
2096 1982 2144 2004 non
2164 1982 2227 2006 dan-

1156 2011 1215 2036 dum
1227 2009 1299 2045 efflei,
1312 2011 1356 2044 qui
1368 2011 1483 2044 nequiter
1490 2009 1692 2045 profhsurusfit.
1765 2009 1887 2037 Tertull.
1897 2011 1974 2044 Apol.
1989 2015 2055 2045 c.4(›
2077 2013 2227 2050 Aristippus

1155 2044 1185 2070 in
1199 2053 1317 2078 purpura
1330 2045 1378 2071 sub
1391 2053 1485 2078 inagna
1499 2044 1638 2078 grauitatis
1651 2043 1789 2077 superficie
1803 2050 1952 2078 nepotatur.

1192 2085 1242 2104 ΝΕ
1251 2086 1266 2104 r
1275 2086 1294 2105 ο
1307 2085 1329 2105 Τ
1341 2080 1388 2105 Ᾱι.
1399 2086 1409 2105 ι
1419 2085 1432 2104 s
1442 2099 1450 2112 ,
1469 2087 1493 2105 e.
1531 2079 1591 2105 Adi.
1633 2086 1679 2112 vt,
1698 2079 1787 2105 Luxus
1799 2080 1948 2114 nepotalis,
1987 2082 2006 2108 i.
2027 2084 2160 2111 Immodica
2169 2093 2226 2121 pro-

1150 2112 1221 2147 fusio
1239 2114 1322 2140 ὐἱῆας
1348 2122 1372 2140 et
1386 2114 1557 2150 prodigentia.
1615 2113 1707 2148 Nepos
1726 2114 1806 2145 enim,
1832 2117 1956 2151 Prodigus
1974 2117 2080 2146 dicitur.
2148 2122 2226 2156 Apul,

1156 2149 1222 2176 Met.
1237 2157 1252 2175 2
1264 2156 1305 2185 pr.
1380 2151 1513 2177 Ammian.
1526 2158 1566 2184 ει,
1584 2158 1608 2183 ¹3
1654 2151 1686 2178 In
1700 2150 1819 2185 nepotali
1831 2152 1920 2179 mensa
1933 2152 2043 2180 ludicris
2057 2157 2225 2191 crepantibus

1155 2184 1202 2211 diu
1215 2184 1389 2212 discumbens.

1193 2228 1215 2247 N
1225 2228 1242 2248 E
1250 2228 1266 2248 P
1276 2228 1295 2248 o
1304 2229 1326 2249 T
1336 2224 1361 2249 A*
1369 2228 1391 2248 T
1399 2229 1421 2248 v
1433 2227 1446 2248 s
1459 2241 1467 2253 ‚
1488 2219 1528 2247 fis.
1548 2230 1586 2248 m.
1622 2221 1636 2254 [
1643 2221 1787 2256 κωμασμὸς]
1825 2221 1963 2256 Afranius,
1983 2225 2064 2260 nescio
2077 2228 2136 2262 vbi,
2150 2230 2224 2257 Scur-

1155 2256 1256 2283 rilitate
1267 2266 1296 2283 ac
1307 2263 1434 2292 nepotatu
1446 2256 1555 2284 nobilis.
1627 2256 1740 2289 Plin.14‚
1753 2267 1768 2287 4
1780 2264 1848 2284 extr.
1874 2257 1946 2285 Raro
1957 2261 2057 2296 quippe
2069 2262 2154 2291 adhuc
2170 2266 2225 2293 fue-

1155 2300 1202 2325 re,
1220 2301 1270 2318 nee
1284 2292 1332 2319 uifi
1346 2294 1374 2318 in
1393 2298 1537 2327 nepotata,
1562 2291 1669 2327 singulis
1687 2291 1757 2318 testis
1776 2292 1860 2319 millia
1873 2293 1995 2323 numum.
2070 2299 2136 2326 Plin.
2149 2309 2183 2334 9,
2197 2310 2225 2335 35

1154 2328 1174 2354 s.
1187 2330 1218 2359 56
1244 2328 1362 2355 Subeunt
1375 2328 1495 2354 luxuriae
1509 2328 1566 2354 eius
1580 2328 1703 2361 nomina,
1722 2333 1747 2354 et
1761 2328 1863 2364 taedia,
1883 2331 2010 2366 exquisita
2022 2333 2130 2368 perdito
2142 2346 2224 2372 nepo.

1153 2369 1219 2391 tatu.
1292 2364 1373 2391 Gloss.
1387 2365 1446 2392 Vet.
1468 2364 1615 2398 Nepotatus
1633 2367 1735 2391 ἀσωτία.

1194 2406 1216 2426 Ν
1228 2406 1246 2427 E
1257 2405 1272 2426 Ρ
1285 2406 1308 2426 T
1321 2402 1343 2427 V
1354 2406 1378 2426 N
1390 2406 1412 2425 V
1423 2406 1448 2427 s.
1488 2398 1631 2434 [nco-flauo,
1650 2398 1841 2435 ΠονἹοπ-οσειδών]
1897 2402 2006 2429 Saturni
2022 2412 2046 2430 et
2068 2407 2128 2441 Opis
2143 2408 2224 2442 filius,

1154 2436 1248 2462 Frater
1261 2436 1326 2462 Iouis
1337 2444 1362 2462 et
1374 2436 1506 2465 Plutonis,
1527 2436 1606 2462 maris
1618 2437 1691 2462 deus:
1727 2436 1807 2462 ditius
1820 2435 1855 2472 est
1865 2446 1882 2462 a
1894 2437 1999 2472 nando,
2020 2442 2128 2468 mutatis
2136 2438 2225 2472 literis

1153 2472 1264 2507 primis,
1285 2479 1315 2497 vt
1327 2473 1364 2498 ait
1376 2471 1432 2499 Cic.
1441 2471 1473 2498 de
1480 2471 1541 2499 Nat.
1550 2472 1632 2500 Deor.
1640 2480 1665 2503 2,
1679 2473 1722 2499 66.
1780 2473 1825 2499 Vel
1836 2480 1866 2498 vt
1878 2474 1996 2501 Varroni
2005 2477 2090 2511 placet
2104 2478 2135 2504 de
2149 2480 2180 2506 L.
2193 2481 2224 2507 L.

1153 2517 1182 2542 4,
1197 2517 1226 2534 ιο
1252 2507 1325 2543 quod
1337 2513 1366 2534 vt
1379 2508 1481 2534 caelum
1494 2507 1594 2539 nubes,
1615 2507 1652 2534 ita
1667 2516 1740 2534 mare
1752 2513 1834 2534 terras
1846 2507 1982 2544 obnubat,
2002 2520 2017 2538 a
2030 2519 2131 2547 nuptu,
2151 2515 2179 2542 id
2188 2516 2225 2543 est

1154 2544 1307 2579 opertione.
1380 2543 1483 2570 Arnob.
1491 2553 1502 2576 3
1516 2553 1542 2579 p.
1551 2550 1587 2574 118
1614 2543 1695 2578 Quod
1710 2552 1776 2578 aqua
1790 2543 1873 2571 nubat
1884 2550 1981 2572 terram
1990 2567 1998 2580 ,
2020 2550 2165 2583 appellatus
2177 2552 2224 2586 est,

27 2571 77 2603 ²9⁶
100 2569 188 2596 Helles
203 2569 391 2608 Nsspheleidffi·
429 2569 503 2604 C⁰⁷¹f·
517 2570 615 2597 Anson·
629 2570 725 2603 Eidyll·
739 2580 761 2604 32
778 2576 829 2606 ¹37·
887 2573 982 2604 Νεφέλη
994 2571 1027 2608 ‘st
1045 2581 1089 2598 ²¹¹⁴·
1106 2584 1139 2613 σς
1154 2580 1296 2620 inquiunt,
1315 2580 1572 2614 cognominatusque
1589 2580 1738 2615 Neptunus.
1795 2580 1822 2607 Si
1836 2589 1901 2616 ergo
1916 2581 2030 2617 liquoris
2045 2585 2167 2613 obtentio
2175 2597 2223 2615 no-

27 2606 81 2638 bes,
102 2606 204 2636 nebula,
223 2608 266 2631 aer
280 2604 377 2641 densus.

63 2648 85 2667 Ν
94 2647 134 2668 ΕΡ
143 2647 165 2668 H
173 2648 190 2668 E
201 2648 216 2668 L
225 2649 247 2668 A
257 2648 274 2668 E
283 2647 305 2666 v
315 2647 328 2667 s
337 2661 346 2673 ‚
361 2649 392 2677 a,
409 2650 464 2668 um.
502 2640 563 2668 Adi.
608 2641 781 2677 [Neam-504]
824 2649 870 2676 vt,
890 2643 968 2670 Pecus
981 2643 1089 2679 Nephe-

25 2676 129 2710 laeum,
147 2680 223 2704 Aries
236 2677 280 2712 qui
294 2678 422 2711 Phryxum
438 2685 461 2703 et
475 2677 560 2704 Hellen
570 2684 617 2712 per
627 2687 696 2704 mare
708 2680 781 2704 vexit
806 2679 895 2706 Valer.
910 2681 1037 2714 Arguim,
1047 2684 1087 2714 56.

62 2720 85 2740 N
97 2720 113 2740 E
123 2720 165 2741 ΡΗ
173 2720 189 2740 Ε
198 2720 215 2740 L
224 2720 233 2740 1
243 2719 263 2740 O
275 2720 298 2740 N
307 2735 316 2749 ,
336 2713 355 2739 i.
376 2722 403 2740 n.
441 2714 454 2748 [
467 2714 590 2749 νεῷὲλων]
648 2715 739 2740 Eadem
750 2715 834 2748 herba,
854 2725 915 2750 quae
929 2716 1089 2751 Personatia.

25 2749 103 2784 Apul.
118 2748 150 2775 de
163 2749 245 2778 Herb.
259 2759 281 2776 c.
294 2752 332 2782 36.
804 2742 806 2756 '

63 2792 85 2811 Ν
93 2792 111 2811 Ε
120 2791 134 2811 Ρ
143 2791 164 2811 H
172 2792 191 2812 R
201 2787 215 2812 ἰ
222 2792 243 2812 Τ
254 2793 262 2812 i
274 2792 287 2812 s
298 2806 307 2819 ,
325 2785 387 2813 ldis.
408 2785 428 2813 f.
465 2787 556 2812 Renum
570 2786 664 2812 morbus
683 2786 778 2811 dicitur
787 2807 796 2819 ,
809 2785 884 2822 saepe
895 2788 980 2823 lapide
991 2789 1089 2824 magni-

24 2821 118 2847 tudinis
132 2821 264 2856 visendae,
284 2823 328 2847 vel
339 2821 367 2847 in
379 2831 464 2848 renum
477 2823 575 2855 altero,
600 2823 643 2847 vel
654 2821 681 2847 in
699 2823 807 2848 ‘tu-eteris
824 2823 905 2849 inor-to
924 2825 1088 2860 impat‘loque,

23 2866 40 2882 a
53 2866 98 2891 quo
113 2857 229 2892 prouenit
250 2859 324 2884 colico
341 2858 410 2884 baud
425 2858 544 2891 abfimilis
561 2859 641 2885 dolor.
695 2858 737 2884 Sic
755 2859 825 2885 Cael.
844 2868 876 2893 4,
897 2869 934 2887 20.
1003 2862 1088 2889 Vtitur

8 2920 13 2925 Ι
27 2892 120 2920 Ifidor.
133 2902 157 2926 4,
174 2899 201 2928 7.

1106 2770 1139 2795 70

1153 2624 1236 2642 minis
1246 2615 1327 2642 huius
1339 2615 1517 2651 appellatione
1529 2615 1660 2651 signatur,
1684 2615 1783 2642 nullius
1798 2616 1869 2643 Deus
1881 2617 1918 2644 est
1931 2619 2045 2647 omnino
2065 2620 2222 2657 Neptunus:

1153 2658 1232 2687 atque
1246 2652 1283 2678 ita
1295 2651 1402 2678 tollitur
1416 2658 1442 2678 et
1454 2657 1611 2679 remouetur
1623 2661 1638 2678 e
1658 2651 1749 2678 medio
1768 2652 1852 2687 Stygii
1870 2653 1954 2680 frater
1966 2656 2039 2682 Iouis
2048 2676 2056 2689 ,
2090 2658 2222 2694 Olympii.

1154 2696 1206 2722 que
1219 2696 1378 2722 germanus,
1397 2686 1508 2715 tridenti
1522 2694 1637 2715 armatus
1651 2688 1742 2720 ferro,
1762 2687 1899 2723 pistricum
1913 2689 2038 2718 dominus
2052 2699 2130 2728 atque
2153 2704 2222 2722 mae-

1153 2732 1267 2757 narum,
1287 2732 1334 2750 rex
1348 2724 1481 2751 Salsorum
1502 2724 1555 2758 (fic
1567 2725 1617 2760 leg.
1628 2731 1674 2759 pro
1687 2724 1841 2760 falsorum)
1861 2726 1997 2760 gurgitum
2010 2733 2036 2754 et
2051 2728 2222 2759 tremebundi

1153 2765 1272 2787 motator
1283 2760 1340 2787 sali.
1398 2760 1470 2795 Conf.
1488 2760 1553 2796 Voffi
1575 2760 1636 2796 Inst.
1651 2762 1724 2786 Orat.
1738 2768 1756 2793 4
1767 2767 1794 2796 p.
1807 2769 1855 2794 135-
1914 2766 1940 2787 A
1959 2763 2033 2791 ιίη7ειν
2051 2767 2153 2793 deducit
2165 2768 2222 2793 Sca.

1153 2797 1234 2832 ligem
1270 2803 1301 2823 vt
1317 2806 1334 2822 a
1345 2803 1432 2829 verto,
1451 2797 1552 2831 inquit,
1582 2798 1745 2828 Vertumnus,
1770 2797 1808 2822 ita
1822 2806 1838 2822 a
1849 2798 1914 2825 vlu-71»
1927 2797 2068 2833 Neptunus
2082 2801 2122 2836 est.
2179 2802 2222 2830 ΙΠ-

1153 2832 1212 2859 dor.
1225 2837 1254 2866 8,
1269 2841 1289 2858 ii
1318 2832 1459 2867 Neptunus
1472 2831 1543 2867 quafi
1556 2831 1726 2859 nubitonans.
1772 2832 1833 2858 Alii
1846 2833 1948 2868 Tuscum
1960 2836 2049 2861 volunt
2059 2838 2106 2872 effi·
2120 2838 2221 2874 Neptu.

1152 2878 1234 2902 num,
1253 2876 1283 2895 vt
1302 2869 1442 2896 Volcanum.
1486 2869 1542 2895 Vid.
1555 2869 1615 2895 Lex.
1630 2868 1741 2894 Martin.
1813 2869 1866 2896 Pro
1885 2869 2168 2906 Mrlfiequentiffimc
2177 2882 2220 2910 po-

1151 2906 1232 2932 nitur.
1269 2912 1316 2937 vt,
1340 2904 1445 2939 Corpus
1459 2903 1584 2930 acerbum
1597 2903 1719 2938 Neptuni
1752 2902 1858 2930 Lucret.
1873 2913 1901 2938 2,
1920 2911 1973 2940 471.
2011 2907 2030 2933 i.
2056 2902 2133 2935 Mare
2150 2920 2218 2937 acer.

65 2935 88 2955 N
101 2935 118 2955 E
127 2935 142 2955 P
154 2935 164 2954 1
175 2935 196 2955 T
205 2935 227 2955 A
236 2949 245 2961 2
270 2929 413 2965 vid-supra
427 2935 450 2955 N
460 2935 477 2955 E
486 2935 501 2955 P
510 2936 526 2956 E
536 2935 597 2956 TA.
1106 2949 1134 2974 75
1151 2942 1216 2968 bum.
1289 2939 1407 2967 Credere
1429 2940 1455 2967 se
1473 2940 1619 2974 Neptuno,
1661 2939 1715 2966 vid.
1735 2946 1752 2966 C
1761 2946 1806 2967 RE
1817 2945 1837 2966 D
1849 2945 1881 2967 Ο.
1955 2941 2032 2977 Virg.
2053 2943 2117 2971 Aen.
2137 2955 2164 2978 3,
2184 2953 2217 2980 74

61 2971 84 2991 Ν
96 2970 136 2990 ΕΡ
147 2970 166 2991 0
177 2971 190 2991 s
199 2985 207 2998 ‚
227 2965 287 2991 otis.
307 2974 343 2992 m.
381 2963 495 2999 [διωνδς,
509 2963 622 3000 ἔκγονος]
659 2965 715 2999 Qii
728 2974 759 2992 ex
774 2964 831 2993 filio
845 2966 935 2994 filiaue
946 2973 1023 2995 natus
1034 2968 1086 2996 est:

23 3000 97 3036 quod
107 3006 183 3027 natus
196 3001 226 3027 fit
238 3000 295 3036 post
307 3001 392 3036 patri,
418 3009 496 3036 quam
508 3000 595 3034 filius,
621 3008 651 3028 vt
669 3003 708 3028 ait
726 3002 825 3029 Festus.
850 3035 852 3037 ι
882 3005 1022 3040 Etymologi
1038 3006 1088 3031 alii

23 3038 147 3063 deducunt
164 3046 180 3063 a
199 3038 293 3063 Graeco
312 3041 397 3070 vinee,
415 3039 521 3070 νέποδες,
546 3046 594 3071 qua
612 3046 670 3063 voce
688 3044 784 3073 nepotes
801 3039 926 3066 interdum
940 3040 1086 3076 stanifimri

23 3074 90 3098 docet
102 3072 205 3107 Casaub.
219 3082 241 3099 c.
250 3079 289 3102 28.
346 3073 410 3100 Lea.
427 3073 526 3099 Theocr.
541 3081 624 3107 p.127.
698 3074 754 3102 Cic.
762 3075 839 3101 Verr.
849 3082 871 3109 ς,
882 3085 917 3108 137
949 3076 998 3103 Tu
1013 3077 1085 3104 inter

23 3105 177 3134 huiusmodi
190 3109 315 3135 mulieres
327 3114 519 3144 praetextatum
531 3115 606 3136 tuum
619 3109 705 3136 filium
714 3131 723 3144 ,
748 3116 873 3146 nepotem
888 3121 987 3146 meum,
1002 3114 1084 3140 collo·
1099 3128 1132 3152 30

4 3146 11 3149 s
26 3142 125 3169 enuisti.
197 3144 235 3171 Ex
254 3144 309 3171 filia
327 3154 409 3180 nepos
439 3144 512 3171 Idem
527 3144 558 3171 de
571 3145 642 3172 Clar.
656 3146 732 3173 Orat.
747 3149 801 3179 263.
875 3148 912 3175 Ex
929 3148 987 3175 filio
1001 3158 1083 3184 nepos

27 3176 142 3205 Scaeuol.
155 3179 183 3206 in
196 3181 213 3207 l.
225 3181 306 3208 Titia
329 3181 362 3208 D.
378 3181 410 3209 de
426 3179 525 3208 inoffic.
539 3181 593 3208 test.
668 3183 706 3209 Ex
719 3183 817 3214 fratre,
841 3192 873 3211 ex
891 3185 985 3211 sorore
1002 3195 1083 3220 nepo-

27 3219 84 3253 tes,
99 3212 183 3254 paffirn
195 3223 233 3251 ap.
247 3217 332 3245 ICtos.
406 3217 498 3252 Nepos
511 3224 536 3243 et
548 3219 636 3251 Anus,
656 3220 818 3246 cort-elatiua.
891 3221 948 3248 Cic.
969 3230 1019 3255 pro
1032 3223 1083 3249 De-

27 3254 78 3274 iot.
91 3255 108 3274 2
129 3249 183 3282 Qu
194 3259 274 3286 nepos
288 3262 368 3280 auum
383 3254 412 3280 in
425 3253 567 3280 distriinen
586 3253 678 3289 capitis
700 3254 848 3282 adduxerit.
885 3257 915 3284 it.
943 3257 1035 3293 Nepos
1057 3265 1083 3285 et

1151 2975 1304 3004 Nere'i'dum
1323 2975 1419 3011 matri,
1448 2981 1474 3002 et
1495 2976 1625 3010 Neptuno
1646 2975 1759 3010 Aegaeo.
1829 2976 1946 3011 Aegaeus
1965 2984 2047 3004 autem
2065 2980 2218 3015 appellatur,

1150 3012 1235 3048 inquit
1252 3013 1359 3039 Turneb.
1371 3021 1393 3045 3,
1406 3021 1435 3038 10
1460 3013 1525 3046 quod
1534 3020 1626 3052 magna
1637 3011 1796 3053 veneratione
1809 3010 1904 3047 Aegis,
1922 3015 1989 3047 quod
1998 3015 2110 3048 oppidum
2123 3016 2158 3051 est
2170 3018 2217 3042 Eu-

1147 3049 1405 3119 έοέιιοεᾏῖοίεῂνὲἕιιῑῆο
1438 3048 1498 3073 Eius
1510 3056 1548 3073 ret
1561 3047 1666 3083 locuples
1678 3046 1745 3083 testis
1756 3046 1791 3083 est
1802 3048 1931 3083 Homerus,
1950 3058 2023 3084 quum
2030 3049 2122 3085 scribit
2138 3052 2216 3080 Iliad.

1160 3103 1167 3111 ·
1411 3103 1420 3117 2

1418 3133 1457 3160 To¹
1477 3130 1503 3160 δέ
1515 3133 1633 3168 τέτρατον
1646 3133 1712 3160 ἵκετο
1735 3134 1835 3169 τέκμωρ

1305 3168 1402 3205 Δῗγοῖς,
1420 3170 1481 3196 swa
1499 3168 1524 3196 δὲ
1542 3169 1564 3196 οἱ
1581 3169 1665 3196 κλυτοὶ
1680 3167 1786 3203 δώματα
1804 3171 1895 3200 βένθεσι
1913 3170 2016 3204 λίμνης,

1304 3206 1411 3241 Χρύσεα,
1431 3204 1601 3242 μαρμαιᾉονἹοι
1619 3205 1771 3238 τετεύχαται
1788 3203 1890 3239 ἄφθιτοι
1908 3205 1962 3232 αἰεί.

1147 3260 1220 3296 Confi
1239 3261 1360 3298 Demster.
1379 3262 1407 3287 in
1428 3252 1509 3296 RoJin.
1524 3269 1552 3298 p.
1562 3271 1615 3296 342.
1644 3269 1668 3289 et
1686 3265 1735 3294 632.
1774 3268 1798 3288 et
1817 3261 1912 3296 Reines.
1938 3262 1979 3296 Ep.
1994 3267 2022 3296 p.
2041 3271 2098 3296 174.
2122 3271 2146 3290 et
2161 3273 2213 3297 301,

26 3284 197 3317 Auunculus,
220 3293 260 3322 ap.
278 3289 330 3316 Pet,
350 3290 461 3317 Blesens.
479 3290 527 3325 Ep.
547 3299 590 3323 ¹3¹-
663 3290 761 3317 Paruns
794 3291 869 3326 Virg.
888 3294 953 3320 Aen.
973 3302 1005 3327 2,
1025 3303 1080 3327 320.
1101 3305 1129 3331 35
1147 3297 1244 3325 Catull.
1256 3306 1292 3330 32,
1305 3307 1318 3330 3
1345 3299 1524 3334 Qiascunquc
1537 3299 1566 3325 in
1578 3297 1742 3334 liquentibus
1760 3296 1855 3332 stagnis
1867 3297 1990 3331 Marique
2002 3297 2066 3325 salso
2079 3299 2132 3326 fert
2145 3307 2215 3327 vter-

26 3319 134 3360 Sororis
147 3326 253 3354 nepotes
277 3321 369 3352 Tacit.
382 3327 448 3353 Ann.
464 3334 487 3359 3,
501 3336 542 3360 30,
556 3336 577 3359 3-
604 3333 628 3353 et
641 3326 773 3360 Quinem.
788 3336 802 3359 4
811 3333 852 3363 pr.
865 3337 878 3354 2
901 3330 1004 3365 proprie
1017 3331 1082 3356 acci-

0 3372 3 3378 Α
22 3356 120 3392 piendi.
175 3356 247 3391 ‚Quae
257 3360 292 3384 ad
301 3361 424 3397 Qint‘iil.
444 3363 462 3389 l.
476 3373 497 3389 c.
517 3363 579 3389 alios
593 3370 683 3389 temere
689 3363 788 3398 secutus
805 3364 864 3389 dixi
869 3386 878 3399 ‚
897 3374 926 3391 ea
943 3366 1082 3392 retraetata·

26 3392 55 3418 ¹3¹
66 3390 180 3432 Braefat·
196 3393 256 3433 §28-
325 3398 454 3423 Caeterum
632 3396 653 3437 ff
674 3407 688 3425 2
725 3399 818 3435 Nepos
827 3401 982 3435 proftatris
997 3401 1084 3437 autso.

26 3436 94 3453 roris
102 3426 158 3461 fillo
168 3433 272 3461 ponitur
283 3431 350 3463 apud
358 3433 429 3458 ICtos
442 3433 538 3467 quidem
551 3434 695 3467 ordinarie,
708 3436 795 3469 quibus
807 3437 933 3471 frequens
951 3437 987 3473 est
1001 3438 1084 3463 dicere

1147 3343 1198 3369 que
1211 3333 1362 3368 Neptunim.
1418 3335 1564 3372 Qaefitum
1582 3334 1627 3369 qui
1637 3334 1677 3367 fit
1696 3334 1815 3368 Vterque
1836 3333 1996 3367 Neptunus:
2031 3344 2061 3360 ac
2074 3337 2212 3369 probabilis

1146 3379 1226 3396 eorum
1237 3369 1283 3405 effi
1296 3370 1398 3396 videtur
1404 3371 1546 3406 sententia,
1572 3370 1616 3405 qui
1626 3379 1694 3395 mare
1699 3369 1816 3405 superum
1835 3376 1859 3394 et
1882 3369 1993 3402 inferum
1998 3386 2008 3400 ‚
2033 3371 2119 3404 quibus
2132 3373 2213 3398 Italia

1145 3405 1274 3440 cingitur,
1299 3406 1506 3441 interpretantur.
1580 3406 1666 3432 Verius
1688 3403 1892 3438 tamenforttffl
1911 3404 1996 3430 videri
2012 3405 2105 3441 potest,
2139 3417 2212 3442 quum

1139 3441 1268 3477 significet
1281 3441 1422 3477 Neptunus
1434 3451 1486 3468 eam
1499 3442 1648 3483 vim,·quae
1663 3440 1759 3468 humori
1767 3440 1879 3475 praeest,
1905 3447 1935 3466 vt
1947 3446 2090 3482 vtrumqiie
2111 3443 2213 3477 Neptu-

26 3462 146 3497 NeP0te⁵
159 3471 190 3489 ⁶¹
204 3463 287 3489 fratre
303 3464 346 3490 vel
360 3466 449 3495 sorore
460 3478 517 3504 'WZ-
529 3469 581 3496 1-10
595 3468 617 3507 ὗ·
628 3478 652 3504 ¹5
664 3471 692 3498 ff·
708 3471 740 3497 de
756 3471 898 3499 Gradibffl·
953 3474 1082 3501 sedetiam
1097 3487 1131 3511 90
1146 3486 1212 3504 num
1230 3477 1408 3513 intelligamus,
1422 3485 1445 3503 et
1464 3487 1517 3504 eum
1536 3486 1579 3512 qut
1598 3477 1722 3509 dulcibus,
1747 3482 1772 3501 et
1791 3484 1844 3501 cum
1857 3475 1982 3517 {uisaffls
2001 3487 2074 3512 aquis
2094 3479 2211 3514 imperat.

25 3498 87 3540 Liu.
102 3508 121 3540 ι,
134 3507 148 3529 5
175 3498 430 3542 Nepos‘Numitoris
441 3512 543 3531 vocatur
557 3506 670 3540 Remus,
693 3508 739 3542 qui
750 3509 851 3534 Amulii·
856 3509 959 3542 fratris
971 3510 1082 3535 Numito-

26 3543 65 3559 ris
71 3534 132 3569 filia
145 3541 218 3575 nat-us
229 3534 296 3569 estet.
370 3537 450 3564 Ouid.
462 3548 493 3566 ex
507 3542 591 3568 Ponto
603 3552 626 3576 3,
640 3553 662 3576 3,
675 3546 704 3569 62
725 3544 870 3578 Cupidinem
888 3546 988 3571 Veneris
996 3545 1082 3579 filium

26 3568 148 3610 alloquens
165 3579 219 3603 att,
247 3571 342 3613 Caesar
359 3570 392 3598 ab
412 3575 498 3613 Aenea
515 3577 562 3610 qui
580 3579 630 3605 tibi
650 3579 733 3606 fratre
752 3588 843 3614 nepos.
924 3580 1083 3617 Torquentse

27 3607 131 3639 eruditi,
143 3613 173 3631 vt
185 3608 216 3631 ab
234 3616 263 3632 ea
276 3615 386 3633 nouitate
404 3608 508 3636 liberent
529 3614 660 3650 Ouidium,
690 3625 759 3650 quem
778 3625 827 3642 vno
846 3617 971 3651 alteroque
984 3616 1083 3650 saeculo

27 3640 199 3675 '¹⁶²²'10s2's1‘t1‘s
204 3642 242 3674 fit
249 3653 257 3667 ··
282 3653 335 3669 cum
350 3643 405 3670 V21-
419 3644 489 3670 Max·
503 3654 528 3678 ς,
538 3656 565 3680 9,
576 3657 592 3675 2
624 3651 692 3678 inter
703 3652 804 3678 sororis
824 3651 909 3679 filium
930 3659 952 3677 et
972 3658 1081 3686 nepotes
1100 3666 1129 3691 95

28 3676 107 3701 adhuc
118 3675 270 3711 distinxerit.
328 3681 368 3705 De
379 3681 554 3706 recentioribus
566 3684 619 3710 vid.
633 3695 689 3720 quos
702 3688 790 3714 laudat
803 3689 887 3715 Burm-
902 3691 937 3715 ad
949 3690 1025 3714 Ouid·
1038 3689 1082 3716 ld-

28 3717 56 3736 v.
65 3719 93 3744 g.
106 3710 224 3739 Ambros.
240 3714 295 3741 Off.
311 3724 335 3749 1,
354 3724 382 3749 2⁴
424 3714 541 3742 Lothum
559 3725 633 3746 vocat
651 3730 775 3757 nepotem
789 3723 944 3751 Abrahami.
1006 3727 1085 3760 Apud

29 3743 134 3786 Petrum
146 3746 287 3790 blesensem
301 3751 380 3786 Epist.
393 3760 425 3784 131
458 3751 549 3785 Nepos
563 3759 589 3779 et
605 3759 747 3786 auunculus
758 3760 810 3792 fibi
828 3761 982 3796 respondent.
1040 3760 1083 3797 Est

27 3782 162 3821 peculiaris
177 3784 310 3812 Facctolati
323 3790 353 3813 de
365 3789 407 3814 hoc
419 3789 513 3813 nomine
526 3788 623 3823 epistola
639 3792 705 3818 inter
718 3804 758 3821 cas
785 3805 847 3830 quae
865 3807 918 3822 cum
931 3795 1082 3823 orationibus

29 3817 110 3841 editae
118 3816 178 3856 sunt
190 3820 286 3853 quinta.
759 3817 767 3830 ⁵

29 3857 56 3877 et
74 3851 174 3878 femina
192 3856 289 3889 potest,
314 3857 404 3885 Ennio
417 3859 542 3892 antfftore,
563 3869 629 3894 quae
642 3870 709 3889 nunc
722 3865 817 3901 Neptis
829 3867 942 3899 dieitur;
979 3867 1027 3895 Ilia
1039 3868 1083 3895 dia

29 3895 111 3926 pepps
125 3896 187 3921 quas
199 3898 334 3920 aerumnas
352 3896 469 3922 tetulisti.
540 3894 632 3922 ifidor.
642 3905 667 3929 9,
680 3904 693 3929 ς
713 3899 799 3928 Postea
811 3910 840 3929 vt
854 3904 944 3940 Neptis
957 3903 1073 3931 dicamus

29 3929 59 3948 in
79 3931 139 3948 iure
157 3924 193 3950 est
211 3935 317 3962 propter
335 3930 522 3958 discretionem
542 3932 704 3958 succeffionis
723 3935 865 3967 admissum.
1022 3938 1043 3977 ff
1064 3925 1084 3974 4'

31 3956 166 3992 Nepotes,
185 3961 279 3996 Posteri
290 3965 363 3991 etiam
376 3975 504 3996 vocantur.
560 3968 635 4002 Vin-g.
650 3968 714 3995 Aen.
729 3972 754 4003 6,
769 3974 814 4001 682
841 3976 920 4002 Forte
933 3976 1083 4003 recensebat

30 4001 187 4027 numerum,
211 4005 337 4035 carosque
354 4009 471 4037 nepotes.

189 4037 272 4061 vol..
308 4037 369 4065 iii.

1147 3514 1188 3540 Sic
1198 3514 1264 3540 enim
1278 3513 1371 3540 Sirmio
1384 3513 1474 3549 insulis
1487 3521 1512 3540 et
1527 3512 1666 3548 peninsulis
1684 3510 1794 3537 omnibus
1806 3520 1900 3544 marts,
1923 3520 1948 3538 et
1961 3512 2110 3547 fluminum,
2132 3522 2156 3540 et
2174 3515 2211 3540 la.

1145 3558 1216 3576 cuum
1236 3555 1406 3584 anteponetur.
1474 3550 1540 3576 Huic
1557 3546 1703 3583 expositioni
1715 3546 1810 3580 fiiuent
1829 3547 1929 3575 Catulli
1950 3550 2044 3582 verba,
2071 3550 2116 3584 qm'
2135 3557 2160 3576 et
2182 3550 2212 3576 li-

1145 3585 1286 3621 quentium
1300 3584 1470 3620 stagnorum,
1486 3593 1509 3611 et
1522 3585 1604 3611 maris
1617 3584 1761 3608 mentionem
1771 3582 1852 3615 facit.
1912 3585 1951 3609 Ex
1975 3584 2079 3610 Turneb.
2138 3586 2209 3619 confi

1146 3622 1238 3656 Spanh,
1252 3623 1288 3647 ad
1298 3620 1425 3657 Amssnply,
1438 3622 1507 3648 Pha,
1523 3624 1575 3653 396,
1649 3619 1699 3643 Pro
1720 3617 1832 3653 Piscibus
1848 3619 1984 3654 vsurpatur
2004 3620 2032 3645 in
2049 3620 2089 3647 illo
2110 3621 2210 3648 Naeuii

1145 3658 1213 3693 apud
1225 3657 1345 3690 Festum,
1366 3657 1476 3692 Coquus
1491 3656 1545 3683 edit
1565 3655 1738 3688 Neptunum,
1759 3654 1906 3689 Venerem,
1927 3655 2064 3683 Cererem.

1184 3690 1447 3728 NEPTVNi'vs‚
1467 3701 1498 3724 a,
1517 3700 1570 3717 um.
1606 3688 1665 3716 Adi.
1676 3689 1773 3725 pqffi’ffi
1814 3689 1993 3726 [Ποσειδώνιος]
2036 3700 2081 3725 vt,
2108 3692 2210 3726 Neptu-

1142 3724 1189 3754 *nia
1210 3737 1298 3763 regna.
1370 3729 1443 3755 Arna
1485 3727 1560 3760 Virg.
1578 3726 1644 3752 Aen.
1659 3729 1759 3760 8,695.
1796 3727 1820 3753 h.
1833 3735 1854 3752 e.
1882 3729 1965 3753 Mare.
2045 3728 2105 3754 Dux
2139 3728 2207 3753 Hor.

1144 3764 1229 3799 Epod.
1243 3773 1277 3797 9,
1299 3771 1325 3799 7.
1368 3765 1393 3791 h.
1412 3774 1433 3790 e.
1461 3762 1583 3789 Marinus
1601 3762 1742 3797 imperator.
1803 3763 1903 3788 Sextum
1923 3764 2065 3797 Pompeium
2088 3762 2207 3795 intelllgit

1145 3801 1257 3835 Pompeii
1268 3800 1356 3834 magni
1361 3800 1453 3835 filium.
1526 3797 1614 3823 Heros
1646 3797 1806 3828 Ouid.,Met.
1821 3806 1853 3831 9,
1868 3806 1887 3825 i.
1930 3797 2053 3830 Intelliqz't
2077 3797 2205 3832 Theseum,

464 3821 485 3860 ff
508 3832 518 3855 3
557 3824 664 3858 Nepos,
682 3828 763 3862 i¹*tquit
778 3832 884 3859 Nonius
899 3843 926 3866 3,
944 3841 986 3865 ¹47
1004 3867 1010 3872 1
1021 3832 1082 3860 Dici
1091 3848 1138 3866 100
1147 3836 1259 3875 Neptuni
1267 3836 1351 3871 filium
1366 3834 1442 3862 Auel.
1455 3833 1488 3860 ad
1502 3833 1674 3873 Heren.q,·i6
1709 3834 1765 3866 Qui
1785 3827 2018 3868 perduellionibus
2034 3832 2149 3859 venditat
2163 3839 2204 3864 pa-

1145 3877 1242 3904 triam,
1267 3880 1323 3898 non
1343 3871 1402 3898 satis
1416 3868 1538 3904 supplicii
1556 3868 1675 3902 dederit,
1699 3868 1717 3895 fi
1737 3877 1859 3904 praeceps
1878 3868 1907 3895 in
1924 3869 2072 3907 Neptunias
2085 3865 2204 3899 depultus

1145 3906 1197 3934 erit
1208 3908 1320 3934 lacunas.
1391 3905 1500 3932 Moenia
1525 3905 1645 3940 Propert.
1660 3914 1682 3938 3,
1695 3914 1727 3938 9,
1743 3913 1776 3937 41.
1850 3905 1974 3940 Pergama
2002 3902 2080 3929 Ouid.
2096 3900 2160 3927 Fast.
2176 3909 2202 3933 1,

1146 3950 1196 3976 525.
1233 3953 1249 3969 a
1262 3945 1373 3977 Neptuno
1386 3948 1410 3966 et
1428 3939 1543 3975 Apolline
1561 3941 1703 3975 aedificata.
1795 3940 1890 3967 Pistrix
1921 3941 1975 3967 Cic.
1997 3939 2024 3964 in
2045 3937 2125 3962 Arato
2146 3946 2201 3968 440.

1147 3978 1186 4005 Id.
1199 3979 1227 4005 in
1243 3980 1324 4004 Arato
1346 3981 1387 4006 128
1420 3976 1486 4003 Non
1498 3976 1563 4003 aliae
1577 3984 1656 4002 naues
1674 3983 1702 4003 vt
1718 3976 1747 4002 in
1767 3977 1821 4004 alto
1842 3975 1959 4010 pondere
1980 3979 2070 4007 proras
2084 3973 2151 3998 Ante
2165 3973 2203 3998 so-

543 4004 620 4039 Virg.
636 4004 689 4031 Ecl.
710 4015 742 4040 9,
759 4015 791 4037 50
835 4011 939 4047 insci-e,
961 4011 1084 4048 Daphni,
1098 4025 1140 4051 ¹05
1148 4014 1202 4042 lent
1215 4013 1301 4042 rostro
1319 4011 1455 4045 Neptunia
1469 4019 1541 4048 prata
1555 4013 1685 4047 secantes,
1712 4019 1755 4039 etc.
1828 4011 1919 4041 Proles
1936 4006 2087 4043 Neptunia,
2113 4007 2203 4042 Mtffi—

1306 4047 1398 4076 Hhh
2156 4049 2203 4078 θ’θ’
