2517 4231
45 174 134 226 549*
460 164 498 206 o
555 164 590 206 c
644 163 679 205 E
1571 162 1609 204 o
1663 163 1699 205 c
1754 164 1800 207 T
2139 190 2213 229 550

47 271 72 295 2,
83 265 136 294 481.
207 257 281 284 Mare
287 257 423 285 Oceanum
435 256 595 291 appellamus
615 253 672 281 Cie.
686 253 720 280 de
731 251 821 292 Somn.
833 250 900 286 stip.
908 258 942 291 355
1014 251 1097 278 Ocea·
1155 251 1210 279 dici
1220 251 1322 293 videtur
1331 261 1348 279 a
1360 253 1500 295 Propertio
1507 274 1525 295 ,⁸
1536 254 1567 280 de
1577 262 1612 287 eo,
1631 253 1802 296 quisuppliqio
1813 256 1987 300 non-diffisum·
2002 265 2146 293 Danaidum
2156 275 2211 303 poe.

47 304 95 324 nus
105 300 131 322 et
142 293 241 321 Salacia
251 292 315 320 caeli
328 293 382 319 satu
395 298 533 327 terraeque
545 296 672 325 conceptu
689 294 810 323 generati
830 292 855 313 et
875 286 941 314 edm
977 285 1049 314 Idem
1063 287 1095 313 de
1157 297 1202 314 nae
1216 286 1340 319 afficitur,
1359 297 1404 315 aut
1416 299 1457 324 qm
1473 299 1500 315 in
1514 298 1596 325 tgnem
1606 291 1692 316 lanam
1704 290 1802 325 trabit,
1823 300 1866 333 qui
1875 292 1974 328 scilicet
1984 305 2022 332 pe»
2027 307 2099 334 petuo
2105 303 2161 335 fine
2173 304 2212 337 ‘fi

46 329 168 358 Vniuers.
180 338 215 362 35.
412 326 434 366 ff
454 335 467 361 3
506 328 640 358 Oceanus,
667 324 758 351 Solium
772 321 869 358 vastum
881 325 910 348 in
923 323 1018 348 balneis
1029 346 1038 359 ‚
1071 329 1096 350 et
1153 323 1223 358 fellu
1237 323 1331 348 laborat
1340 343 1348 356 ,
1379 327 1493 358 quomodo
1506 327 1574 360 apud
1583 325 1679 359 inferos
1691 327 1774 352 Ocnon
1783 327 1874 362 puniri
1886 330 1968 363 opinio
1979 342 2052 369 erat,
2087 345 2116 363 vt
2127 340 2212 375 extsti.

43 365 139 394 omuino
152 367 219 392 lacus
230 363 358 397 elususque
369 364 464 397 maior,
484 364 527 390 vel
536 363 568 390 ab
579 371 605 388 eo
616 360 726 401 nomine,
746 358 791 384 vel
802 358 832 384 ab
844 358 1011 394 amplitudine
1024 369 1096 399 vocas-
1156 367 1201 385 mo.
1240 358 1424 399 H‘¹‘7.‘'¹¹¹.s.¹‘sl⁵'·
1489 361 1573 394 Mihi,
1589 361 1666 402 fulua
1681 361 1765 388 Plinii
1776 365 1919 404 reuerentia
1927 362 2010 397 'omo‘
2022 370 2048 394 i„
2062 371 2108 397 bac
2115 374 2212 407 fabella

44 407 101 437 tus,
125 408 149 427 et
160 409 178 427 a
190 398 328 426 lauanu'um
339 407 430 441 quoque
435 399 558 435 strepitu,
582 404 606 424 et
619 403 715 422 mat-mo
728 393 802 428 quast
809 393 884 430 aestu.
974 394 1095 429 Lampri·
1116 399 1132 425 ς
1156 402 1204 419 non
1220 398 1272 418 tam
1285 400 1438 428 pigritiam,
1468 406 1542 431 quam
1554 396 1672 424 taedium
1691 405 1716 424 et
1733 396 1866 434 molestiam
1876 399 1960 426 labori
1971 403 2110 432 adsunam»
2125 418 2212 437 natm-2

44 436 103 464 dius
115 436 145 463 in
159 433 284 462 Alexand.
296 434 354 461 Seu.
368 443 390 461 c.
404 444 433 469 25
459 434 558 462 Oceani
577 431 697 465 (inquit)
716 429 812 470 solium
825 430 925 470 primus
939 430 1009 456 inter
1021 430 1093 470 prin·
1153 428 1263 454 videtur.
1320 429 1467 473 Qiafnim
1480 432 1599 473 niolaslius
1612 432 1662 469 est,
1694 442 1769 474 quam
1786 433 1892 462 laborem
1896 434 2021 473 suscipere
2034 446 2058 465 a
2069 444 2211 472 &minuare

43 473 114 508 cipes
128 469 275 499 Alexander
286 470 445 505 appellauit,
477 477 559 505 quum
574 466 710 494 Traianus
724 464 753 492 td
765 474 820 492 non
834 466 948 500 fecnl'ct,
981 466 1024 493 sed
1036 466 1094 492 dte·
1154 472 1223 497 tum,
1253 471 1323 499 quem
1334 464 1424 499 statim
1441 468 1488 493 tibi
1507 468 1647 504 periturum
1660 468 1738 505 scias.

43 508 92 535 bu·
104 507 170 534 solia
181 505 329 541 deputatset.
400 508 466 533 Nam
478 506 628 532 thermarum
639 501 783 537 magnitudo
797 503 885 528 Romae
897 509 992 536 quanta
998 501 1094 541 fierit,

43 543 197 572 Ammianus
214 543 296 574 docet,
326 551 400 577 quum
411 547 500 569 narrat
517 540 634 566 Lauacra
652 537 680 564 in
693 536 765 563 Vrbe
778 537 808 564 in
821 537 931 565 modum
945 537 1094 577 prouincia·
1563 541 1594 573 Ο
1669 543 1696 574 C
1772 543 1822 592 Q

43 588 104 608 rum
117 577 247 606 exstru&a
261 579 298 613 16,
313 587 349 604 ιο.
579 571 600 613 ff
618 584 633 607 4
671 574 806 606 Oceanus,
829 580 950 609 tanquam
966 571 1092 598 Adieft‘iu.
1110 580 1138 599 10

42 615 99 650 Qui
118 623 199 650 vagus
217 621 327 640 oceanas
346 613 401 640 exit
418 616 443 638 et
462 610 544 637 intrat
556 610 643 645 Aquas
662 610 774 636 Venant.
797 610 871 637 Fort.
889 609 922 635 de
940 605 1090 634 Remi-rect.
1192 610 1214 633 0
1225 611 1473 648 (ἱρνιΝῐ-ςσο,
1504 609 1559 649 ere.
1602 611 1725 648 [xcxi-n]
1766 614 1913 652 Indinare,
1952 615 2037 653 inquit
2060 617 2170 647 Noniu,
2189 630 2214 654 2,

42 660 54 684 3
77 661 104 685 4.
123 650 218 686 desole.
257 651 294 676 De
307 649 366 675 aliis
377 656 416 674 res
425 647 531 674 incerta.
603 645 696 679 Qualis
709 646 739 672 in
754 653 854 672 oceano
861 643 955 671 Fluetu
972 642 1091 669 quenal.
1152 642 1232 682 609.-
1256 643 1417 677 Pomponius
1437 643 1602 679 Prostibulo,
1635 647 1670 673 Vt
1683 648 1785 676 nullum
1801 650 1888 678 ciuem
1902 652 2038 687 paedicaui
2050 663 2097 690 per
2110 655 2214 691 dolum,

41 671 65 713 ni
88 695 132 720 94.
166 686 211 712 ΑΙ.
225 683 331 713 Oceani.
424 681 563 709 Nimirum
576 682 684 709 Oceano
696 682 721 708 se
733 680 848 708 ostendit
864 678 984 718 ιιοεέὶὶῐει·ι
1001 677 1091 717 Imbre
1152 677 1212 717 Nisi
1225 677 1303 716 ipsius
1316 686 1394 717 orans
1409 680 1481 720 vltro
1496 681 1543 714 qui
1555 681 1758 721 ocqtiiiiisceret.
1831 686 1904 714 Idem
1919 688 2032 724 Pictore,
2063 691 2121 719 Nifi
2143 702 2214 721 nunc

41 707 214 754 Cittull.61,7.
248 720 298 746 Sed
306 719 414 754 leg—itur,
433 718 531 745 Oeteos
544 717 658 744 ostendit
670 716 787 744 nuffifer
799 716 882 751 ignes.
927 749 932 754 Π
955 714 1048 740 Litore
1060 721 1091 738 m
1152 713 1250 747 allqms
1268 712 1356 753 subito
1377 714 1487 755 obuiam
1505 723 1623 743 occurrit
1642 717 1727 752 mihi,
1752 720 1807 752 Qui
1821 723 1998 757 oequiniscat‚
2021 735 2077 762 quo
2094 730 2214 765 compin-

41 765 141 786 oceano
165 754 281 784 quenal.
294 763 322 786 u,
336 762 375 786 ¹¹3-
411 754 461 779 Sed
469 753 553 779 editur
567 754 660 781 Litore
671 752 705 780 ab
718 752 819 780 oceani.
862 750 977 782 Ctrtms,
990 748 1040 784 sed
1049 757 1088 774 re-
1108 754 1137 782 ις
1155 757 1215 783 gam
1229 754 1392 782 terminum,
1419 759 1448 777 111
1465 756 1551 777 tutum
1565 752 1661 779 locum.
1738 756 1843 790 Vterque
1859 758 1924 784 locus
1942 761 2110 797 detestabilem
2131 765 2212 801 turpi-

41 794 133 820 eentius
162 792 236 819 Mare
253 797 380 816 oceanum
406 788 510 825 Ampel.
529 798 569 824 pr.
584 788 617 816 de
631 787 746 822 mundo,
772 793 797 814 et
807 786 831 814 S.
843 783 929 812 Rufus
941 793 964 811 c.
975 792 998 816 5.
1056 783 1089 812 Et
1155 783 1265 810 tudinem
1272 785 1373 821 pathici
1382 786 1504 822 hominis,
1520 788 1612 814 drauco
1621 789 1779 823 praebentis,
1804 792 1907 819 indicae,

39 837 122 864 vsque
136 826 218 854 Gades
229 824 262 852 ad
277 825 411 851 Oceanum
423 833 496 851 mare
511 825 691 859 peruenimus.

77 869 100 892 Ο
108 869 125 891 c
133 868 150 890 Β
159 867 182 890 A
191 867 213 888 N
222 861 236 888 ἱ
245 866 268 888 Τ
280 866 290 887 1
301 866 314 887 S
322 881 330 893 ‚
361 859 424 888 idis.
460 861 479 889 f,
517 862 666 893 patronym.
701 857 870 898 [maculae]
913 856 1017 882 Dicitur
1029 855 1092 897 fili?
1563 861 1592 893 Ο
1667 862 1696 894 C
1770 864 1799 896 R

39 901 141 928 Oceani.
230 896 307 932 Virg.
325 896 426 931 Georg.
444 906 468 931 4,
484 905 531 931 341
567 896 681 930 Clioque
699 899 725 921 et
742 893 828 920 Beroe·
847 893 942 924 soror,
978 892 1091 919 Oceani-

40 935 107 963 tides
123 931 224 959 ambae.
1106 934 1143 955 20
1190 935 1210 956 0
1220 933 1238 956 C
1249 936 1268 956 R
1279 934 1299 957 Β
1308 937 1349 961 A,
1373 939 1412 957 ae.
1451 931 1470 958 f.
1506 930 1678 995 [κιμκνημὶςέ
1711 933 1879 961 Calceamenti
1885 945 1980 973 genus,
2014 943 2080 975 quod
2091 953 2148 971 cru,-
2161 953 2214 972 tue-

74 973 142 996 OCE
151 974 169 995 L
179 974 196 995 1.
208 974 232 995 Α
242 973 264 994 Τ
273 973 295 993 V
306 973 333 994 M
345 987 354 1000 ‚
372 967 392 995 i.
427 977 454 995 n.
489 969 545 994 Aut
556 967 637 992 Genus
648 962 786 998 auellanae,
805 965 1012 998 nucularumque,
1026 972 1089 998 quae
1151 971 1210 997 tur;
1253 968 1331 999 quod,
1353 967 1475 994 Varrone
1493 968 1590 994 σπλῆνα·
1608 967 1640 994 de
1681 988 1687 995 .
1702 968 1732 995 L.
1746 979 1770 1002 4,
1790 979 1818 1003 24
1846 979 1996 1006 opponatur
2009 976 2045 1003 ob
2056 987 2130 1010 (ως,
2168 980 2214 1009 vel

35 1003 156 1032 oaeHorum
175 1003 302 1038 quandam
317 1010 378 1038 prae
389 1002 418 1039 ft
428 1003 533 1038 speciem
551 1008 576 1027 et
592 1000 771 1027 rotunditatem
788 1000 898 1033 ftrunt:
933 1006 978 1025 aut
991 999 1089 1034 globuli
1151 1000 1224 1034 quod
1239 1001 1268 1027 fit
1288 1001 1464 1036 inaequaliter
1478 1003 1612 1038 tuberata‚
1638 1011 1668 1030 vt
1680 1005 1720 1030 ait
1734 1005 1831 1033 Festus.
1868 1009 1937 1035 Add.
1951 1011 2008 1037 Isid.
2025 1022 2060 1046 19,
2073 1024 2108 1047 34,
2180 1018 2212 1044 Eg

29 1039 92 1076 sunt
110 1049 123 1066 e
133 1040 218 1075 lapide
228 1039 314 1073 polito.
421 1041 476 1064 Hac
491 1046 550 1063 voce
569 1036 627 1072 vsus
643 1035 676 1072 efl
692 1034 873 1071 Tranquillus
893 1035 923 1061 in
943 1037 1009 1069 Aug.
1024 1043 1045 1060 c.
1061 1041 1089 1067 83
1151 1035 1253 1097 gisam
1265 1037 1325 1070 ὀκρῖς
1340 1039 1473 1064 eminentia
1487 1041 1615 1074 quaedam.
1705 1041 1784 1075 Apul.
1804 1041 1837 1068 de
1849 1043 1954 1072 Mundo
1976 1056 2000 1081 p,
2018 1055 2066 1083 744
2105 1052 2203 1078 florid!-

33 1084 106 1111 quum
120 1075 212 1110 scribit
221 1074 364 1109 Augustum
375 1073 481 1100 solitum
492 1072 540 1099 effe
558 1081 618 1099 cum
632 1071 721 1106 pueris
735 1071 846 1098 minutis
860 1070 954 1098 ludere
966 1070 1086 1097 ocellatis
1180 1071 1204 1097 ic
1219 1072 1291 1106 galea
1304 1079 1380 1107 caput
1388 1094 1397 1107 ,
1418 1073 1464 1101 ille
1477 1083 1555 1101 crura
1568 1075 1653 1102 ocreis
1666 1075 1794 1104 inuoluit.
1868 1079 1928 1106 Liu.
1942 1091 1967 1115 9,
1981 1092 2012 1114 40
2038 1085 2068 1111 Et
2081 1070 2213 1116 finisti-uni

32 1109 208 1145 nucibusque.
261 1111 411 1146 Qenquum
426 1107 527 1144 diuersa
542 1109 574 1135 de
586 1107 710 1135 Ocellatis
730 1106 897 1133 Grammatici
909 1105 1039 1146 sentiunt,
1063 1113 1088 1133 et
1104 1115 1136 1142 ις
1151 1115 1212 1134 crus
1225 1116 1303 1134 ocrea
1317 1108 1426 1136 tectum.
1474 1110 1551 1137 Tum
1565 1111 1637 1138 leues
1653 1120 1745 1139 ocreas
1756 1112 1870 1149 eleetro,
1877 1123 1995 1152 auroque
2008 1121 2115 1149 111(οὲἰο
2135 1123 2212 1159 Virg,

34 1154 66 1172 vt
79 1148 106 1172 in
120 1156 150 1172 re
162 1147 247 1182 ignota
259 1144 450 1171 emendationem
460 1142 691 1178 commimscuntur,
708 1152 738 1168 ac
750 1143 817 1168 modo
830 1141 977 1169 Castellaus
986 1162 995 1175 ,
1020 1143 1089 1169 modo
1152 1143 1217 1169 Aen.
1232 1149 1255 1177 8,
1269 1146 1328 1178 624.
1364 1146 1435 1172 Add.
1449 1146 1481 1173 ib.
1495 1155 1520 1179 7,
1533 1149 1589 1180 634,

35 1182 155 1216 oscillis,
178 1182 244 1208 modo
257 1179 387 1214 Offilatis,
412 1180 456 1206 vel
467 1178 628 1212 Officulatis,
660 1179 704 1204 vel
717 1177 838 1205 Officulis
850 1184 977 1212 reponant.
1042 1178 1093 1205 Sed
1189 1185 1234 1207 oc
1244 1186 1263 1206 R
1274 1187 1290 1206 E
1300 1182 1323 1207 Ᾰ
1334 1186 1357 1207 Τ
1368 1187 1389 1206 ν
1399 1187 1412 1207 s
1422 1202 1430 1214 ,
1453 1190 1483 1216 a,
1504 1190 1558 1208 um.
1596 1182 1657 1209 Adi.
1694 1183 1919 1221 [περικνημιδωτὸς]
1955 1189 2009 1226 Ql·
2026 1193 2102 1218 omis
2122 1194 2215 1219 calcea.

36 1218 165 1245 Turnebus
178 1217 244 1243 Adu.
257 1225 278 1248 3,
295 1221 330 1249 ¹8,
348 1224 417 1250 quem
425 1215 566 1250 sequuntur
575 1212 702 1247 doHiffimi
715 1213 819 1249 quique,
852 1213 978 1240 Ocellatis
988 1214 1089 1249 probat,
1150 1221 1190 1241 tus
1203 1215 1308 1243 incedit.
1382 1216 1447 1244 Plin.
1470 1226 1505 1252 ¹9,
1525 1226 1538 1243 2
1578 1218 1619 1244 Ad
1633 1218 1752 1252 reliquos
1769 1220 1828 1246 vsus
1841 1220 1972 1250 laboriose
1984 1226 2111 1254 euellitur
2124 1237 2215 1256 ocrea.

33 1262 108 1288 quam
125 1261 205 1279 vocem
221 1261 238 1277 a
257 1252 379 1278 Varrone
396 1258 476 1276 mutuo
490 1250 603 1285 sumfiffi
622 1249 819 1285 Tranquillum
840 1248 975 1285 existimat.
1049 1250 1090 1275 Sic
1150 1250 1184 1277 tis
1204 1251 1327 1278 eruribus
1341 1269 1351 1283 ‚
1380 1252 1556 1287 manibusque
1575 1253 1652 1281 tediis
1671 1255 1781 1281 manicis
1794 1275 1803 1289 ‚
1835 1259 2011 1288 conuolutum
2036 1263 2110 1289 osseis
2131 1264 2215 1291 lione.

33 1289 99 1315 enim
117 1288 213 1315 auam
225 1286 320 1314 Nonio
333 1291 407 1320 3,138
426 1285 520 1321 scribit
533 1286 560 1312 in
572 1285 741 1321 Marcipore,
784 1285 872 1312 Altera
884 1290 977 1312 exorat
988 1290 1088 1320 patrem
1103 1293 1136 1319 30
1150 1286 1208 1313 isue
1228 1288 1403 1315 commentis.
1506 1291 1538 1318 In
1557 1290 1622 1316 niue.
1640 1290 1745 1318 Lucana
1766 1290 1868 1320 dormis
1887 1302 2006 1324 ocreatus
2039 1298 2111 1326 Hor.
2130 1285 2214 1327 sgrm.

32 1323 130 1351 libram
149 1322 322 1351 ocellatorum
335 1344 345 1359 ‚
383 1321 473 1348 Altera
490 1320 581 1348 virum
603 1321 752 1348 semodium
770 1321 974 1357 margaritarum
1012 1321 1088 1357 Confi
1149 1331 1179 1357 2,
1208 1332 1236 1356 3,
1264 1332 1321 1357 234.

33 1360 136 1395 casaub.
148 1360 185 1385 ad
195 1359 263 1386 Suet.
277 1358 295 1386 l.
310 1367 331 1385 c.
352 1357 456 1392 Salmas.
470 1358 506 1383 ad
515 1357 599 1385 Solin.
613 1366 638 1393 p.
653 1360 710 1392 ⁴9⁶·
1188 1365 1208 1386 Ο
1218 1365 1235 1386 C
1244 1365 1263 1385 R
1273 1366 1282 1385 1
1292 1365 1309 1386 C
1318 1356 1340 1386 ν’
1348 1365 1365 1386 L
1378 1366 1401 1386 ν
1412 1366 1454 1393 Μ,
1491 1360 1509 1386 i.
1550 1368 1576 1386 n.
1622 1361 1747 1396 Oppidum
1765 1364 1876 1401 Italiae,
1901 1366 1930 1392 in
1943 1375 2022 1394 monte
2028 1369 2121 1404 situm,
2151 1372 2218 1406 quod

69 1401 90 1422 o
100 1400 119 1422 c
130 1400 149 1421 E
158 1402 175 1421 1.
185 1400 204 1420 1.
214 1400 236 1420 ν
244 1400 259 1422 8
267 1413 276 1427 ,
311 1393 366 1421 vid.
390 1399 410 1420 ο
418 1398 435 1419 c
446 1398 467 1419 v
478 1398 525 1419 ιν
535 1399 560 1420 s.
1151 1395 1239 1421 Strabo
1253 1396 1320 1420 inter
1334 1395 1437 1421 Sabinos
1446 1396 1532 1430 ponit,
1557 1395 1659 1423 Plinius
1673 1397 1745 1425 inter
1758 1398 1882 1428 Vmbros.
1944 1404 2015 1429 Hinc

67 1436 89 1458 o
99 1435 117 1458 c
129 1435 228 1466 ΗΚΛ,
253 1437 293 1457 ae.
321 1429 341 1456 f.
377 1426 484 1463 [ὅχςα]
521 1429 631 1461 Cretae,
657 1428 710 1456 fiue
724 1428 818 1464 lapidis
835 1429 950 1464 speeies,
975 1437 1043 1464 quae
1057 1429 1088 1456 fit
1189 1436 1208 1456 0
1218 1435 1234 1455 c
1245 1436 1261 1455 R
1274 1432 1397 1456 κῑνιᾹ
1409 1436 1431 1456 N
1443 1437 1503 1463 vs,
1528 1440 1559 1465 a,
1587 1441 1641 1458 um.
1672 1433 1733 1460 Adi.
1771 1443 1819 1469 vt,
1856 1437 2016 1465 Ocriculana
2028 1439 2132 1475 tribus,
2157 1442 2213 1470 vid.

30 1465 120 1494 exusta
138 1465 246 1492 rubrica
266 1465 296 1492 in
321 1464 384 1493 ollis
411 1466 491 1491 nouis
509 1463 567 1491 luto
586 1464 757 1492 circumlitis·
787 1465 855 1492 Plin.
875 1473 919 1498 35,
945 1466 969 1492 6.
1015 1465 1087 1493 Bata.
1109 1472 1137 1500 35
1154 1469 1177 1492 Τ
1188 1471 1206 1490 R
1220 1472 1225 1489 1
1238 1471 1283 1492 BV
1295 1472 1318 1492 S.
1391 1466 1545 1494 Ocriculani
1559 1468 1652 1503 populi
1674 1469 1741 1497 Plin.
1755 1479 1778 1503 3,
1793 1480 1829 1504 ¹4·

30 1502 92 1530 Dm
116 1502 181 1528 Vim
200 1510 226 1536 p·
246 1510 282 1534 75·
1188 1507 1207 1527 o
1218 1507 1234 1526 C
1247 1507 1323 1532 RIS,
1342 1502 1372 1528 is.
1405 1502 1426 1528 f.
1463 1500 1579 1538 [Qum]
1616 1505 1696 1531 Mons
1708 1506 1878 1542 confragosus
1889 1510 1959 1544 apud
1972 1510 2085 1538 Festum.

70 1543 179 1565 ocuv
190 1543 220 1571 s,
240 1536 259 1563 i.
279 1545 315 1562 m.
352 1533 467 1571 [Ὦχος]
505 1535 623 1569 Flauius,
647 1537 677 1563 de
695 1545 741 1572 quo
759 1536 827 1563 Plin.
843 1538 871 1569 6,
891 1538 919 1562 16
939 1536 1009 1562 Gens
1023 1534 1087 1562 haec
1187 1542 1233 1575 oc
1244 1537 1285 1562 m·
1294 1543 1306 1563 s
1318 1544 1328 1563 1
1343 1544 1384 1570 A,
1410 1546 1449 1565 ae.
1472 1538 1492 1564 f.
1529 1539 1617 1566 Publii
1631 1540 1789 1568 Coi-niculae
1803 1551 1887 1577 vxor,
1911 1544 1997 1572 Seruii
2011 1547 2102 1574 Tullii
2118 1553 2213 1577 mater.

31 1572 180 1607 (deBaEtris
193 1572 315 1608 loquitur)
328 1587 373 1592 —
393 1572 541 1599 includitur
551 1572 660 1599 flumine
667 1571 753 1599 Ocho.
791 1572 865 1600 Idem
876 1578 931 1606 3¹³7
953 1572 1089 1598 Praeterea
1151 1571 1234 1599 Ouid.
1247 1572 1313 1601 Fast.
1327 1576 1352 1608 6,
1366 1577 1412 1608 627
1432 1574 1557 1610 Namque
1571 1581 1646 1610 pater
1659 1577 1751 1605 Tullii
1764 1578 1912 1613 Vulcanus,
1932 1581 2034 1609 Ocrifia
2046 1588 2140 1611 mater.

31 1608 103 1643 apud
116 1608 222 1635 Rastros
245 1616 335 1636 amnes
354 1606 444 1635 Ochus
465 1613 491 1635 et
504 1609 593 1642 Oxus,
618 1616 651 1635 ex
668 1607 792 1644 appositis
809 1606 945 1635 montibus
965 1606 1089 1635 deferunt

33 1643 93 1672 ralis
110 1650 237 1673 ramenta.
560 1682 589 1713 C
665 1682 682 1713 Ι
1099 1651 1138 1678 40
1537 1649 1567 1680 O
1664 1651 1693 1682 C
1786 1652 1823 1683 T

457 1682 488 1715 Ο
1186 1718 1707 1756 oc‘rAe'onou‚i.n.(‹.-orpus)fi
1730 1721 2093 1757 ocTAfinRos‚i.f.
2130 1726 2212 1756 Marc.

69 1759 118 1781 oc
127 1749 255 1787 fMVM,
292 1753 359 1787 quod
373 1755 514 1785 corruptum
531 1749 605 1776 varie
623 1749 652 1776 i„
672 1756 719 1778 ος
729 1756 741 1777 1
751 1757 855 1785 Nvm,
893 1757 913 1779 0
922 1757 940 1779 c
951 1758 1004 1780 ΥΜ
1013 1758 1037 1779 v
1046 1758 1085 1787 Μ,
1150 1753 1256 1789 Capella
1271 1757 1285 1781 6
1298 1765 1321 1790 p,
1336 1764 1373 1787 233
1397 1753 1475 1781 intell.
1485 1755 1578 1788 firma.
1633 1755 1674 1792 Est
1686 1764 1768 1792 nempe
1776 1757 1970 1794 figurasolida,
1989 1769 2052 1794 quae
2065 1762 2113 1787 vaslo
2126 1766 2212 1790 triun-

34 1793 57 1816 Ο
67 1794 85 1816 C
99 1795 119 1815 Y
129 1795 152 1814 N
161 1795 233 1820 VM,
270 1795 295 1813 et
320 1793 340 1814 0
351 1792 370 1813 Ζ
379 1792 420 1814 ΙΝ
429 1791 449 1811 V
459 1792 501 1818 M,
527 1785 548 1812 ι’.
578 1794 605 1813 n.
642 1784 764 1821 [ditemini]
802 1789 916 1813 Duarum
933 1789 1086 1823 plantarum
1143 1791 1215 1826 gulis
1229 1791 1387 1825 aequalibus,
1406 1797 1430 1815 et
1445 1790 1609 1825 aequilateris
1625 1792 1774 1819 continetur.

28 1831 116 1850 nomen
127 1822 173 1858 est.-
208 1822 294 1849 Primo
311 1823 426 1847 odoratae
443 1819 523 1854 illius,
552 1829 615 1856 quae
628 1823 702 1857 vulgo
717 1822 847 1849 Bafilicon
861 1832 972 1851 vocatur.
1046 1826 1085 1851 De
1100 1831 1134 1857 45
1185 1833 1229 1854 OC
1240 1832 1260 1852 T
1270 1834 1292 1853 Α
1305 1833 1325 1853 Ν
1340 1831 1363 1853 G
1374 1833 1395 1852 v
1406 1832 1454 1852 ιν
1464 1832 1477 1853 s
1486 1847 1496 1861 ,
1529 1833 1560 1857 3,
1591 1835 1645 1853 um,
1683 1826 1744 1854 Adi,
1789 1828 1930 1863 sphaeram
1949 1835 1977 1858 et
1995 1833 2160 1865 pyramidem
2181 1834 2211 1861 fi-

28 1859 75 1885 hoc
93 1857 160 1885 Plin.
175 1865 211 1891 19,
223 1864 241 1893 7
254 1857 272 1883 s.
286 1859 316 1890 36
341 1855 419 1884 Nihil
432 1855 521 1883 ocimo
540 1856 693 1884 fecundius:
730 1867 789 1885 cum
809 1858 958 1886 maledietis
979 1868 1008 1887 ae
1026 1869 1087 1895 pro-
1146 1871 1239 1896 guram
1260 1862 1329 1897 ignis
1350 1862 1380 1888 in
1397 1863 1423 1889 se
1442 1861 1556 1896 habere,
1592 1862 1762 1898 oftangulam
1781 1873 1848 1892 vero
1867 1865 1937 1892 aeris
1972 1867 2051 1901 Apul.
2064 1868 2096 1895 de
2115 1870 2211 1899 Doclr.

27 1893 85 1922 bris
98 1892 236 1920 serendum
250 1892 431 1928 praecipiunt:
467 1898 497 1918 vt
516 1892 609 1919 laetius
623 1894 798 1927 prouenuiat‚
817 1894 871 1921 sato
883 1895 991 1930 pauitur
1005 1902 1084 1923 terra.
1146 1898 1208 1925 Plat.
1232 1908 1238 1924 1
1259 1907 1284 1933 p.
1304 1906 1328 1931 ς.

27 1930 95 1957 Hinc
107 1929 174 1956 Pers.
187 1938 212 1962 4,
229 1937 258 1955 22
283 1929 352 1955 Cum
370 1927 439 1954 bene
456 1927 586 1956 distinete
599 1929 743 1957 cantauerit
756 1930 843 1957 ocima
856 1939 969 1966 vernae,
1004 1932 1024 1959 i.
1044 1939 1085 1967 op-
1182 1941 1202 1960 o
1213 1940 1232 1961 C
1244 1939 1459 1967 TAGONVS‚
1480 1942 1511 1968 a,
1533 1943 1587 1962 um.
1627 1935 1686 1961 Adi.
1723 1937 1800 1963 Idem.
1833 1937 1929 1964 Omnis
1949 1938 2095 1974 oetagonus
2115 1940 2211 1968 1111611111

25 1965 130 2002 probriu
140 1964 238 1991 dixerit
249 1963 438 2001 inge-feritque,
458 1973 520 1998 quae
526 1963 607 1999 solent
619 1966 720 1991 cantari
732 1975 785 1993 cum
792 1966 914 2002 seruntur
926 1969 1011 1994 ocima.
1036 1969 1085 1993 Ca-
1147 1969 1246 2003 Hygin.
1261 1970 1294 1996 de
1307 1970 1433 1996 Castram.
1488 1970 1620 2004 O6lagoni
1634 1979 1709 1996 areae
1719 1970 1873 2005 pedaturam
1888 1973 1920 1998 fic
1933 1973 2054 2001 inuenies
2074 1975 2112 2002 Id.
2125 1976 2163 2003 ib.

21 2000 145 2039 saubonus
154 2002 192 2027 ad
201 2000 226 2026 h.
238 2000 258 2027 l.
275 2009 360 2025 veram
375 1999 425 2039 ff
436 1999 591 2035 scripturam
608 2000 742 2032 ocimum,
777 2001 926 2027 auctoritate
943 2008 968 2027 et
985 2001 1085 2027 ratione
1101 2011 1133 2035 50
1183 2010 1257 2030 oc‘r
1268 2010 1292 2030 Α
1302 2011 1326 2029 N
1336 2010 1367 2035 s,
1397 2003 1474 2029 antis.
1506 2013 1543 2030 m.
1580 2006 1676 2030 OHaua
1687 2012 1750 2039 pars
1762 2004 1818 2038 affls
1846 2007 1955 2034 Viti-uu.
1972 2017 2008 2041 10,
2025 2019 2057 2043 11,
2084 2012 2137 2037 vid.
2152 2018 2207 2039 AS.

27 2036 129 2064 miurit.
165 2037 204 2062 De
216 2035 287 2061 huius
300 2035 383 2061 ocimi
396 2041 490 2060 natura
501 2034 632 2073 etyiri-bus
644 2035 744 2073 medicis
758 2035 836 2074 multu
850 2035 916 2061 Plin.
927 2044 969 2068 20,
981 2044 1005 2062 12
1020 2036 1039 2061 s.
1054 2041 1083 2075 4¹8
1186 2043 1207 2064 0
1218 2043 1236 2063 c
1248 2044 1269 2064 'r
1281 2045 1304 2064 A
1312 2044 1325 2063 s
1333 2042 1356 2063 Τ
1365 2044 1384 2063 Y
1395 2043 1412 2063 1.
1424 2044 1466 2064 03
1475 2058 1485 2070 ,
1508 2038 1527 2064 i.
1555 2047 1577 2065 c.
1620 2039 1690 2066 Vitr,
1702 2049 1725 2072 3,
1736 2049 1749 2066 2
1784 2042 1912 2075 Epitheton
1925 2045 2029 2079 templi,
2048 2046 2093 2072 vel
2101 2047 2209 2074 alterius.

28 2072 157 2099 Ocimum
170 2079 277 2104 quoque
289 2068 448 2103 Chryssppus
459 2074 577 2102 grauiter
589 2074 739 2103 increpuit,
758 2069 856 2096 inutile
872 2069 1016 2105 stomacho,
1030 2078 1087 2096 vn-
1147 2073 1207 2098 adeo
1219 2073 1343 2107 aedificii,
1364 2072 1428 2099 0810
1442 2073 1470 2098 in
1478 2073 1567 2105 fronte
1578 2074 1714 2102 columnas
1728 2076 1850 2103 habentis.

27 2115 94 2141 nae,
114 2105 255 2133 oculorum
268 2112 375 2140 quoque
387 2102 513 2129 claritati:
549 2108 682 2138 praeterea
694 2103 822 2131 insaniam
834 2105 936 2138 facere,
953 2112 979 2132 et
990 2105 1087 2133 lethar-
1185 2115 1205 2135 ο
1224 2114 1241 2135 c
1258 2114 1280 2135 T
1294 2114 1317 2135 A
1332 2114 1353 2133 ν
1370 2115 1381 2134 1
1395 2114 1419 2134 A
1464 2109 1529 2134 Gens
1546 2110 1636 2136 Romae
1649 2131 1657 2144 ,
1702 2110 1735 2137 in'
1749 2111 1871 2146 summam
1896 2109 2050 2141 nobilitatem
2067 2118 2173 2144 adduc‘ia
2188 2128 2207 2145 a

29 2151 79 2178 gos
91 2149 136 2169 etc.
155 2139 207 2176 ipse
220 2140 311 2166 deinde
323 2139 436 2166 meliora.
506 2139 557 2165 Sed
567 2140 631 2165 locus
643 2138 693 2174 ipse
705 2140 828 2166 videndus
845 2140 894 2176 est,
926 2149 964 2172 et,
982 2141 1013 2174 fi
1029 2141 1084 2175 quis
1147 2144 1177 2170 C.
1192 2143 1325 2175 Offiauio,
1347 2144 1393 2178 qui
1403 2144 1456 2180 post
1466 2145 1616 2180 adoptionem
1630 2147 1694 2172 Iulii
1705 2146 1819 2181 Caesaris
1831 2149 1861 2174 C.
1877 2149 1961 2175 Iulius
1974 2151 2069 2179 Caesar
2081 2153 2208 2181 Offiauia.

26 2179 106 2215 plura
117 2176 248 2210 defiderat,
260 2175 368 2201 Bodaeur
378 2183 395 2200 a
409 2174 495 2208 Stupet
504 2175 542 2200 ad
555 2174 672 2209 Theophr.
688 2184 701 2208 7
716 2184 741 2209 p.
756 2183 798 2208 755
813 2175 869 2210 sqq.
951 2177 1084 2202 Tribuitur
1100 2185 1130 2211 55
1146 2187 1195 2204 nus
1211 2179 1297 2206 dictus
1316 2179 1367 2206 est:
1403 2187 1429 2206 et
1446 2180 1557 2214 Augusti
1577 2190 1661 2207 nomen
1673 2182 1730 2217 fuir
1743 2181 1934 2217 successio-ibus,
1966 2195 2014 2212 non
2033 2189 2114 2214 minus
2132 2198 2205 2223 quam

33 2213 161 2241 Ocimum
173 2211 245 2238 etiam
255 2209 361 2238 Catullo
374 2207 407 2235 ad
415 2208 536 2235 Fundum
549 2210 566 2235 s.
579 2218 624 2242 44,
641 2218 666 2241 15
694 2210 727 2236 Et
740 2218 783 2237 me
803 2210 926 2238 recuraui
940 2212 1085 2245 ocimoque
1146 2215 1263 2241 Caesaris
1276 2215 1389 2249 reliquit.
1444 2216 1517 2241 Alios
1530 2216 1676 2250 octauios,
1703 2225 1727 2244 et
1741 2216 1868 2245 oetauias
1882 2229 2030 2256 memorare,
2049 2223 2107 2249 item
2122 2225 2207 2253 Porti.

31 2255 59 2278 gt
70 2249 164 2276 vrtica.
233 2246 284 2272 Sed
293 2244 405 2277 otioque
416 2252 504 2279 magno
523 2243 637 2279 consensu
648 2245 710 2271 libri
721 2245 810 2280 optimi
817 2256 826 2270 .·
862 2248 927 2281 quod
937 2248 1011 2273 etiam
1027 2248 1084 2281 pul·
1145 2258 1190 2276 eus
1205 2250 1332 2276 O&auias
1345 2258 1392 2275 nm
1407 2250 1443 2286 est
1453 2251 1523 2276 huius
1536 2251 1591 2277 loci.

32 2286 93 2312 chre
101 2285 138 2310 ad
146 2281 214 2309 illum
227 2281 302 2308 locum
315 2278 436 2306 conuenit.
470 2279 524 2306 Vid.
537 2280 568 2316 'fi
587 2278 682 2313 Voffius.
773 2281 880 2309 Colum.
894 2291 933 2317 ιο,
945 2291 986 2316 3¹9
1005 2283 1084 2310 Tum
1184 2292 1204 2312 ο
1213 2291 1230 2312 C
1241 2291 1263 2312 'r
1273 2292 1295 2311 Α
1305 2291 1326 2311 ν
1337 2291 1349 2312 1
1360 2285 1411 2312 ᾸΝ
1421 2292 1443 2311 ν
1452 2292 1482 2318 s,
1507 2294 1536 2319 a,
1556 2295 1611 2313 um.
1643 2287 1703 2315 Adi.
1740 2287 1754 2322 [
1761 2285 1935 2326 'oxa-affluas]
1983 2292 2038 2319 Cic.
2060 2293 2092 2320 de
2111 2295 2206 2325 Diuin.

31 2328 139 2355 quoque
152 2316 275 2353 proscisso
287 2315 419 2350 riguoque
429 2314 543 2350 inspersa
555 2315 647 2342 nouali
659 2316 755 2343 Ocima
769 2317 955 2352 comprimite,
988 2324 1013 2345 et
1025 2326 1084 2353 gra·
1146 2329 1166 2353 1,
1181 2331 1194 2352 4
1221 2321 1259 2347 Ex
1273 2329 1327 2355 quo
1343 2330 1440 2355 genere
1454 2322 1528 2356 saepe
1541 2322 1691 2350 ariolorum
1705 2323 1784 2350 etiam
1804 2330 1830 2351 et
1851 2333 1940 2352 vatum
1962 2328 2119 2356 fumibundas
2132 2340 2207 2366 prae.

32 2355 112 2383 vibus
125 2353 227 2380 densate
239 2351 372 2384 cylindris.
428 2350 559 2387 Explicat,
578 2353 644 2386 quod
654 2352 763 2378 breuiter
782 2362 798 2378 a
811 2353 896 2378 Plinio
909 2354 1000 2382 ditium
1013 2355 1082 2380 modo
1095 2360 1131 2386 60
1144 2356 1293 2390 diffiones,
1314 2362 1342 2383 vt
1355 2356 1506 2384 oetauiano
1520 2357 1592 2384 bello
1606 2359 1728 2386 Cornelii
1737 2361 1860 2396 Culeoli,
1880 2362 2022 2390 audiendas
2036 2372 2207 2399 putauerunt.

59 2389 169 2425 suimus.
194 2388 249 2414 sato
262 2386 367 2422 panitur
379 2391 459 2414 terra.
536 2387 591 2414 Ser.
606 2387 672 2414 Sam.
687 2396 731 2420 441
747 2388 842 2415 Ocirna
855 2394 1006 2423 praetcrea,
1025 2389 1082 2416 bul-
1145 2391 1327 2424 Odiauianus,
1361 2392 1470 2427 Augusti
1484 2394 1602 2420 Caesaris
1621 2404 1749 2430 cognomen
1757 2396 1830 2430 fuit,
1863 2397 1922 2423 inde
1939 2400 2062 2433 tractum,
2093 2405 2157 2436 quod
2175 2412 2208 2429 ex

14 2430 27 2435 “
55 2426 100 2453 iue
114 2424 235 2451 linuntur
247 2422 338 2450 amari.
553 2420 575 2461 fl
597 2431 609 2449 2
629 2422 706 2458 Apud
720 2423 844 2459 antiquos
864 2431 920 2452 erat
934 2425 1026 2460 pabuli
1039 2435 1082 2460 ge·
1146 2428 1306 2454 Oc'lauiorum
1313 2428 1422 2462 familia
1435 2431 1463 2454 in
1477 2429 1609 2465 Caesarum
1625 2438 1724 2465 gentem
1739 2431 1825 2465 fuerit
1837 2434 1982 2468 adoptatus,
2007 2440 2208 2470 quemadmodum

35 2470 102 2494 nus,
120 2459 191 2494 quod
199 2459 265 2486 Cato
273 2459 396 2487 Ocimum
409 2463 487 2486 vocat
506 2460 548 2491 (c.
560 2468 588 2492 27
601 2466 624 2486 et
636 2468 672 2491 53.
691 2462 722 2487 it.
735 2469 774 2491 54,
789 2469 800 2493 3
815 2467 840 2487 et
852 2469 871 2494 4
890 2461 934 2487 vbi
946 2461 1053 2488 ocinum
1066 2471 1083 2488 a
1146 2471 1172 2489 et
1185 2463 1328 2497 Africanus
1341 2464 1422 2490 minor
1434 2465 1513 2490 dicius
1528 2465 1564 2501 est
1573 2466 1748 2500 Aemilianus,
1767 2469 1833 2502 quod
1843 2469 1874 2494 P.
1886 2470 1994 2496 Aemilii
1999 2472 2073 2507 filius
2079 2472 2168 2506 fuerit
2188 2483 2208 2502 a

39 2496 158 2526 melorio,
186 2494 335 2529 antiquiores
353 2495 415 2520 editi
429 2496 560 2526 Ocymum
570 2514 579 2528 ‚
606 2495 661 2522 MS.
676 2495 824 2531 Ocimum)
852 2496 1032 2533 quoſsstebant
1045 2497 1082 2524 al·
1146 2501 1175 2526 P.
1190 2500 1301 2525 Cornelio
1319 2500 1429 2534 Scipione
1442 2502 1580 2535 adoptatus.
2168 2494 2177 2507 ³

32 2539 98 2560 vum
110 2530 202 2558 bubus.
271 2529 302 2557 Id
315 2536 370 2557 erat
383 2539 398 2556 a
411 2530 512 2565 pabulis
525 2531 609 2566 segete
623 2529 708 2558 viridi
722 2531 840 2566 desedh,
872 2538 932 2559 ante
947 2541 1026 2567 quam
1037 2542 1080 2566 ge·
1096 2538 1128 2570 σς
1181 2541 1200 2562 ο
1209 2540 1225 2561 C
1235 2540 1257 2561 T
1266 2541 1295 2562 0.
1333 2534 1437 2571 [Ama]
1480 2538 1573 2562 Nomen
1593 2537 1735 2571 numerale,
1756 2539 1853 2565 Adiea.
1867 2539 1960 2568 indecl.
2018 2542 2090 2571 octo
2108 2553 2208 2579 genera

31 2569 100 2594 Iaret
113 2567 176 2593 Sura
189 2565 323 2593 Mamilius
336 2565 365 2592 id
377 2565 455 2594 aliter
465 2565 670 2602 interpretatur,
708 2572 734 2594 et
746 2567 843 2600 tradit,
881 2568 957 2594 sabae
975 2568 1081 2595 modios
1144 2579 1291 2606 poenarum
1305 2570 1332 2597 111
1346 2571 1449 2605 legibus
1481 2572 1538 2599 Cic.
1554 2579 1594 2608 ap.
1609 2573 1747 2608 Augustin.
1760 2574 1792 2603 C.
1805 2575 1838 2601 D.
1851 2583 1885 2607 21,
1899 2585 1928 2603 11.
2038 2579 2117 2607 Pedes
2132 2587 2206 2609 temo

33 2603 136 2635 decem,
155 2601 240 2629 viciae
254 2601 335 2634 duos,
352 2601 507 2629 tantundem
519 2602 630 2629 eruiliae
644 2602 673 2628 in
686 2602 782 2637 iugero
796 2610 925 2630 autumno
939 2604 1042 2631 misceri
1056 2610 1082 2632 et
1146 2612 1283 2642 protentus
1296 2607 1324 2633 in
1339 2606 1403 2633 οᾶο
1422 2606 1497 2642 Virg.
1513 2608 1613 2644 Georg.
1627 2619 1647 2643 1,
1661 2616 1707 2642 ¹7¹·

31 2639 82 2666 seri
94 2637 206 2666 solitum.
260 2637 357 2664 Melius
369 2643 395 2665 et
407 2646 490 2664 auena
497 2638 609 2672 Graeca,
628 2637 672 2664 cui
686 2647 741 2665 non
754 2638 824 2666 cadit
835 2640 940 2675 semen,
959 2640 1082 2667 admixta.
1181 2649 1201 2671 ο
1211 2648 1228 2668 C
1237 2649 1258 2668 T
1268 2651 1277 2669 1
1289 2649 1305 2669 Ε
1317 2649 1342 2669 s.
1364 2642 1433 2670 Adu.
1471 2644 1587 2671 Martial.
1601 2650 1624 2676 8,
1635 2647 1667 2677 64
1688 2645 1749 2672 Vno
1760 2647 1872 2673 nasceris
1885 2647 1969 2674 octies
1981 2648 2009 2675 in
2022 2658 2101 2677 anno.
2146 2652 2208 2682 Cic,

31 2675 92 2702 Hoc
104 2679 226 2701 vocatum
238 2673 370 2706 ocimum,
397 2672 532 2709 boumque
545 2675 618 2701 causa
630 2674 682 2701 seri
695 2674 812 2702 solitum.
869 2676 957 2702 Var‘ro
971 2676 1082 2712 appella·
1144 2677 1173 2704 in
1186 2678 1275 2705 Somn.
1291 2678 1359 2713 Scip.
1374 2688 1384 2711 3
1400 2689 1421 2705 c.
1436 2689 1449 2706 2
1480 2679 1551 2706 Nam
1565 2689 1649 2715 quum
1669 2687 1738 2707 aetas
1753 2687 1795 2708 tua
1810 2684 1928 2717 septenos
1943 2683 2027 2711 octies
2041 2686 2103 2713 solis
2117 2688 2207 2715 anfra-

31 2715 89 2737 tum
101 2719 117 2738 a
129 2709 259 2736 celeritate
271 2709 467 2744 proueniendi,
491 2718 508 2737 e
523 2710 640 2744 Graeco,
665 2710 737 2744 quod
751 2711 825 2741 ὠκέως
838 2711 938 2739 dicunt.
1010 2714 1081 2738 Haec
1094 2716 1130 2745 70
1144 2714 1201 2741 &us
1214 2713 1369 2749 reditusque
1382 2716 1548 2742 conuerterit
1557 2737 1565 2749 ‚
1588 2724 1633 2744 etc.
1670 2718 1739 2744 Add.
1754 2717 1889 2753 Lamprid.
1902 2720 2007 2748 Comm.
2021 2730 2044 2748 c.
2061 2731 2089 2748 11.

29 2745 98 2774 min.
115 2751 147 2779 ¹8,
161 2755 183 2776 ις
197 2746 216 2772 s.
230 2754 258 2777 42
282 2755 345 2781 quae
358 2752 474 2781 corrupta
491 2753 558 2771 certe
570 2746 597 2772 in
611 2746 693 2773 verbis
706 2745 826 2773 sistebant
837 2754 862 2774 et
874 2748 989 2782 gelaret,
1014 2747 1083 2775 colla·
1182 2755 1204 2778 ο
1213 2756 1259 2777 c‘r
1269 2752 1292 2778 Ᾰ
1301 2757 1322 2776 ν
1333 2756 1354 2777 ν
1364 2757 1393 2784 s,
1411 2760 1442 2784 a,
1460 2761 1515 2779 um.
1553 2752 1611 2780 Adi.
1649 2752 1752 2780 octaua
1764 2762 1823 2787 pars
1848 2754 1916 2781 Plin.
1929 2757 1953 2789 6,
1968 2765 2003 2788 33.
2029 2757 2085 2784 Cic.
2102 2759 2156 2786 Att.
2171 2769 2206 2793 ¹5,

30 2789 70 2809 tus
83 2780 211 2809 Varronis
223 2782 288 2807 locus
299 2781 386 2815 arguit
405 2781 438 2808 de
451 2781 490 2808 Re
503 2781 565 2809 rust.
580 2791 598 2816 1,
612 2791 644 2816 3¹,
659 2791 672 2814 4
693 2782 818 2809 Ocimum
837 2787 849 2816 (
850 2784 888 2816 fic
899 2787 996 2819 primae
1008 2784 1080 2811 editt.
1144 2789 1186 2814 26.
1223 2786 1339 2813 Circiter
1352 2786 1447 2815 horam
1459 2787 1582 2815 odlauam
1603 2788 1671 2815 Hor.
1684 2788 1763 2822 Epist.
1779 2798 1798 2822 1,
1814 2796 1842 2823 7,
1856 2800 1893 2823 47.
1965 2792 2118 2827 Sapientum
2132 2794 2205 2822 odla-

0 2839 1 2842 ,
30 2817 147 2844 Ocinum
164 2817 274 2851 Vilior.)
299 2816 400 2843 dietum
412 2826 426 2843 a
438 2817 541 2844 Graeco
561 2817 645 2845 verbo
662 2817 752 2851 ὠκέως,
779 2818 852 2853 quod
865 2820 934 2847 valet
946 2820 1016 2847 cito:
1050 2819 1080 2847 fi·
1142 2831 1192 2849 vus
1213 2822 1286 2849 Idem
1299 2823 1382 2849 Serm.
1394 2832 1417 2857 2,
1428 2832 1449 2856 3,
1462 2826 1519 2857 296.
1540 2833 1617 2851 nouus
1629 2825 1698 2850 velut
1706 2823 1801 2860 Collega
1813 2824 1862 2851 illis
1875 2827 1973 2860 septem
1988 2829 2109 2856 nobilibus
2124 2831 2204 2858 Grae..

29 2853 133 2880 militer
162 2861 198 2879 uo
218 2852 271 2886 [lic
289 2853 378 2879 Vit‘lor.
393 2860 467 2879 antea
480 2856 607 2888 quoque)
628 2853 748 2881 ocimum
760 2854 790 2881 in
805 2854 895 2883 horto.
951 2856 1011 2883 Hoc
1025 2864 1080 2882 am·
1141 2858 1194 2884 ciae
1201 2858 1357 2893 sapientibus
1369 2859 1480 2886 auditus.

48 2888 99 2915 lius
111 2862 212 2916 dig-um
224 2888 359 2922 ocimum,
395 2888 468 2923 quod
479 2890 541 2915 citat
576 2891 658 2922 (vnde
668 2898 726 2926 ergo
740 2890 840 2918 Plinius
854 2891 953 2924 fistit3)
989 2891 1080 2919 aluum
1094 2896 1126 2924 75
1178 2901 1198 2922 ο
1208 2899 1227 2921 c
1238 2900 1261 2921 Τ
1272 2900 1295 2921 Α
1304 2901 1325 2920 V
1335 2900 1357 2921 V
1366 2900 1401 2922 M.
1440 2893 1558 2930 [ἕφδσσς]
1598 2894 1726 2929 Tanquam
1743 2896 1899 2923 Aelim-bium
1914 2897 2031 2932 positum,
2047 2907 2093 2935 pro
2115 2902 2203 2927 OHies.

44 2924 130 2958 tibus,
166 2930 192 2951 et
202 2923 265 2951 ideo
278 2924 311 2951 iis
326 2923 419 2957 datur,
441 2930 471 2952 vt
484 2931 637 2960 purgentur.
709 2925 740 2953 Id
752 2935 785 2953 ex
798 2926 883 2954 sabuli
894 2927 978 2962 segete
993 2927 1080 2955 viride
1142 2929 1201 2957 Liu.
1214 2932 1240 2962 6,
1254 2932 1284 2962 36
1304 2929 1375 2957 Nam
1389 2936 1493 2965 praeter
1501 2930 1618 2957 Sextium
1631 2931 1835 2966 Liciniumque,
1854 2931 1949 2961 latores
1964 2935 2052 2969 legum
2064 2936 2117 2963 iam
2129 2936 2204 2964 octa-

29 2959 129 2988 testum
142 2966 202 2988 ante
216 2969 295 2994 quam
305 2967 384 2996 genae
388 2960 504 2995 siliquas.
565 2962 658 2988 Vltima
675 2962 723 2988 duo
734 2964 811 2989 verba
825 2965 892 2999 apud
902 2963 1019 2990 Plinium
1031 2973 1081 2990 cor·
1144 2974 1210 2992 vum
1224 2965 1366 2993 Tribunos
1381 2965 1465 3001 plebis
1481 2965 1604 2993 refectos.

30 3003 105 3031 rupta
117 2996 145 3022 in
155 3002 295 3031 antequam
308 2996 416 3031 gelaret.
480 2997 531 3023 Sed
543 2996 646 3033 nostrum
659 3006 707 3023 non
719 2997 763 3034 est,
780 3008 860 3025 omnes
878 3002 946 3026 circa
959 3000 1003 3026 hoc
1017 2999 1080 3027 Oci-
1179 3009 1199 3029 o
1208 3007 1227 3029 C
1237 3008 1258 3028 T
1269 3008 1322 3029 Αν
1331 3008 1367 3034 Α,
1406 3010 1445 3030 ae.
1480 3002 1501 3028 f.
1543 3002 1675 3038 Vestigalis
1688 3001 1792 3038 species.
1817 3003 1835 3030 l.
1855 3005 1901 3031 vlt.
1923 3005 1955 3031 C.
1970 3005 2003 3031 de
2016 3006 2132 3033 Eunuch.
2168 3007 2201 3033 it.

29 3038 106 3058 mum
116 3039 251 3067 componere
263 3032 329 3059 lites.
526 3029 547 3071 ff
569 3042 580 3065 3
624 3033 661 3060 Ex
675 3033 766 3061 Macro
778 3035 898 3061 laudatur
910 3035 1012 3071 versus,
1038 3037 1080 3063 In·
1141 3037 1159 3065 Ι.
1174 3047 1187 3071 7
1208 3039 1239 3065 C.
1253 3037 1285 3064 de
1302 3036 1399 3072 veffig.

31 3071 73 3093 ter
83 3068 235 3102 praeteritas
249 3066 434 3095 numerabitur
446 3076 555 3101 ocymus
568 3068 673 3096 herbas.
728 3070 769 3096 Sic
775 3070 861 3104 fuerit
869 3074 972 3106 generis
984 3071 1083 3108 Mascu-
1098 3077 1130 3104 80
1181 3079 1203 3101 o
1212 3081 1229 3101 c
1239 3080 1262 3100 'r
1274 3081 1297 3101 A
1305 3081 1327 3099 ν
1335 3080 1358 3100 Α
1367 3080 1386 3099 R
1396 3081 1406 3100 1
1416 3078 1438 3098 ν
1448 3079 1461 3100 s
1470 3093 1479 3106 ,
1495 3072 1515 3100 i.
1536 3082 1572 3100 m.
1590 3074 1698 3100 ExaHor
1709 3073 1781 3100 huius
1795 3075 1932 3109 veffljgalis.
1953 3075 1969 3101 1.
1985 3081 1998 3103 8
2011 3076 2041 3101 C.
2055 3075 2088 3102 de
2103 3077 2201 3113 vefitig.

34 3101 92 3129 lini.
161 3105 210 3130 Sed
222 3111 302 3130 notusn
315 3103 362 3140 est,
382 3111 501 3139 quantum
513 3103 552 3130 illi
566 3105 659 3132 Macro
672 3105 766 3131 homini
778 3106 934 3133 tribuendum
941 3107 989 3141 fit.
1182 3115 1204 3137 Ο
1215 3115 1232 3136 C
1241 3115 1263 3135 Τ
1273 3115 1289 3136 Ε
1302 3116 1324 3135 N
1334 3116 1355 3135 N
1365 3115 1411 3142 18,
1430 3108 1460 3135 is.
1479 3118 1514 3135 m.
1550 3110 1606 3145 Qi
1617 3110 1666 3135 0ro
1681 3110 1754 3135 annis
1766 3118 1838 3135 natus
1851 3109 1890 3144 est.
1919 3110 2051 3138 Ammian.
2062 3118 2095 3145 18,
2104 3115 2128 3139 6.

71 3142 316 3173 ocrmomrs,
333 3140 364 3166 id
375 3139 409 3176 est
423 3140 505 3166 Ocima
512 3139 608 3173 fimitis
621 3140 731 3168 carduus
743 3141 779 3178 est
789 3141 869 3177 Apul.
882 3141 916 3170 de
926 3143 1011 3172 Herb.
1027 3153 1081 3182 ¹09¹
1183 3151 1204 3172 0
1215 3151 1232 3172 c
1243 3151 1265 3171 T
1274 3152 1284 3172 1
1295 3153 1318 3172 N
1328 3149 1351 3172 G
1362 3150 1380 3171 E
1389 3151 1411 3170 N
1424 3150 1446 3171 T
1458 3151 1486 3178 1,
1502 3153 1549 3179 ae,
1568 3154 1592 3172 a.
1619 3145 1680 3172 Adi.
1704 3145 1877 3179 [διηκόσιοι]
1903 3146 1959 3172 Cic.
1976 3146 2051 3173 Acad.
2060 3158 2083 3180 4,
2097 3155 2121 3177 511
2137 3157 2158 3175 c.
2172 3157 2205 3184 ες

71 3177 165 3199 ectu
175 3180 245 3208 VM,
280 3176 334 3202 vid.
354 3181 401 3202 oc
411 3182 431 3202 Υ
444 3181 471 3202 Μ
482 3182 505 3202 ν
515 3182 554 3203 Μ’.
1143 3180 1219 3207 Mille
1232 3186 1257 3207 et
1271 3180 1422 3215 offingenta
1443 3180 1522 3207 stadia
1543 3181 1614 3214 quod
1635 3181 1746 3216 abesset,
1785 3180 1901 3207 videbat.
1959 3183 1988 3207 Ι-Ϊι
2003 3191 2051 3217 pro
2065 3184 2150 3211 Plane.
2166 3187 2205 3212 60

71 3213 94 3234 o
105 3212 211 3241 (21011,
247 3215 346 3240 oelo
357 3217 400 3237 SV
411 3218 440 3246 s,
475 3212 530 3239 vid.
550 3218 698 3242 οΤΙνΜ.
1143 3225 1166 3243 c.
1181 3225 1208 3247 ες
1241 3216 1397 3251 offingenti
1421 3217 1479 3243 fere
1501 3218 1633 3244 consecuti
1653 3218 1721 3243 sunt.
1764 3218 1836 3241 Aad.
1856 3216 1929 3243 Idem
1951 3218 2020 3245 Fam.
2045 3228 2082 3253 (2,
2108 3229 2147 3254 15,
2167 3230 2203 3248 21.

70 3247 249 3278 OCIVM,
282 3247 338 3274 vid.
368 3253 544 3276 οΤῐνΜ.
1099 3252 1276 3284 85Columel.
1299 3261 1327 3286 ς,
1351 3261 1373 3280 2.
2184 3287 2186 3290 y

1183 3294 1203 3315 0
1213 3293 1230 3314 C
1243 3293 1266 3315 Τ
1277 3295 1287 3314 1
1296 3295 1321 3315 N
1331 3293 1352 3314 G
1362 3295 1380 3315 Ε
1388 3295 1411 3315 Ν
1423 3294 1446 3316 'r
1459 3294 1470 3315 1
1480 3295 1497 3314 Ε
1506 3295 1530 3315 S.
1566 3289 1645 3315 Mart.
1661 3286 1759 3322 Capell.
1772 3289 1790 3313 6
1803 3296 1826 3322 p.
1836 3294 1885 3321 198.
1907 3287 2012 3321 Vopisc.
2022 3289 2049 3315 111
2058 3289 2124 3317 Tac.
2132 3300 2154 3318 c.
2163 3301 2202 3320 10.

438 3323 467 3354 O
542 3324 571 3356 C
644 3323 676 3356 N
1185 3330 1205 3352 O
1215 3331 1232 3351 C
1245 3330 1267 3351 T
1280 3332 1290 3352 1
1300 3331 1322 3352 N
1335 3329 1358 3352 G
1371 3330 1389 3352 Ε
1401 3331 1425 3351 Ν
1436 3331 1485 3351 AR
1497 3332 1506 3351 1
1516 3332 1537 3350 v
1546 3330 1576 3357 s,
1595 3332 1619 3359 a,
1639 3332 1693 3349 um.
1723 3322 1785 3349 Adi.
1820 3322 2002 3359 [ὁκταιοσιος]
2040 3326 2203 3362 Oetingena-

246 3385 254 3392 ,
1143 3360 1199 3387 tlus
1212 3368 1275 3395 grex
1295 3361 1383 3388 Varro
1396 3360 1429 3387 de
1441 3360 1481 3387 Re
1494 3360 1557 3387 rust.
1570 3368 1596 3392 2,
1612 3368 1640 3385 10
1654 3358 1702 3394 sub
1708 3359 1757 3393 fin.
1808 3393 1812 3398 .

71 3392 93 3416 0
103 3392 122 3416 C
132 3394 156 3414 N
165 3393 224 3421 vs,
245 3395 264 3414 ¹·
281 3395 316 3414 ¹¹¹-
340 3384 454 3425 [¹¹0stvoe]
488 3392 514 3419 Is
527 3392 578 3427 est,
602 3393 687 3430 inquit
698 3393 823 3428 Seruius,
843 3403 922 3430 quem
935 3395 964 3422 in
977 3393 1081 3422 Bucoli-
1181 3402 1200 3423 o
1213 3402 1230 3422 c
1241 3403 1263 3424 'r
1272 3403 1282 3423 1
1292 3403 1315 3423 N
1326 3403 1348 3424 G
1357 3403 1374 3423 E
1384 3403 1406 3422 N
1418 3402 1441 3424 'r
1453 3402 1490 3423 Es
1500 3394 1512 3422 ῐ
1523 3402 1547 3422 Μ
1560 3402 1580 3420 ν
1589 3402 1602 3421 s
1612 3416 1620 3427 ‚
1636 3403 1660 3428 a,
1686 3403 1739 3420 um.
1765 3394 1823 3420 Adi.
1861 3393 2062 3431 [ὅκτακοσιοςὸς]
2099 3398 2154 3425 Cic.
2168 3398 2203 3426 de

34 3424 71 3451 tls
85 3423 215 3458 Virgilius
229 3423 369 3450 ΒῙΞΠΟῙἙΠΙ
383 3423 461 3458 dicit,
477 3427 600 3457 Mantuae
611 3430 744 3458 conditor.
795 3430 879 3458 Cuius
894 3432 974 3459 etiam
989 3430 1080 3458 memi-
1094 3437 1130 3463 90
1143 3432 1244 3459 Ξεηεᾶ.
1258 3441 1270 3463 5
1283 3442 1304 3460 e.
1318 3441 1334 3459 2
1354 3432 1458 3459 Deinde
1473 3429 1518 3465 qui
1531 3430 1619 3457 minus
1632 3431 1719 3465 grauis
1733 3430 1793 3455 esset
1805 3429 1838 3455 iis
1850 3429 1986 3463 senthus,
2005 3432 2023 3459 fi
2037 3432 2202 3469 octingente-

4 3454 7 3496 l
33 3461 74 3486 nit
93 3460 157 3486 Aen·
176 3469 214 3490 ¹02
230 3465 272 3492 198
315 3459 364 3486 Ille
383 3459 461 3488 etlam
479 3464 570 3497 patriis
588 3474 680 3501 agmen
700 3467 751 3494 ciet
763 3467 852 3494 Ocnus
872 3467 905 3494 ab
925 3467 996 3500 oris,
1032 3474 1079 3493 etc.
1142 3467 1234 3495 fimum
1248 3477 1345 3495 annum
1357 3474 1481 3503 agerent,
1501 3476 1579 3502 quam
1594 3465 1801 3500 octogesimum?

33 3496 122 3523 oenus
154 3496 199 3529 (ſs
209 3495 298 3522 Latine
306 3496 495 3536 interpreteris,
511 3498 639 3536 fignijscat
652 3502 805 3538 Pigritiam)
843 3506 888 3529 vir
899 3505 1001 3539 quidam
1013 3502 1081 3536 fuit,
1179 3510 1200 3531 ο
1211 3511 1228 3532 C
1240 3511 1262 3531 'r
1274 3503 1287 3531 f
1295 3511 1312 3531 P
1324 3510 1378 3537 Es,
1411 3503 1476 3530 edis.
1513 3512 1536 3530 c.
1580 3502 1663 3530 Ouid.
1678 3501 1697 3527 F
1699 3501 1743 3527 ast.
1763 3509 1783 3533 1,
1802 3509 1824 3534 3¹
1829 3511 1840 3534 3
1859 3501 1999 3537 Offipedis
2013 3503 2110 3531 frustra
2122 3514 2200 3540 quae.

6 3539 7 3553 *
34 3539 105 3565 μεθ’
116 3531 266 3564 finxerunt
280 3531 470 3572 p¹5²0mflP¹⁴d
487 3532 579 3567 inferos
585 3536 707 3571 sedentem
719 3545 745 3564 et
756 3546 905 3574 torquentem
918 3549 931 3566 e
938 3539 1025 3574 sparto
1033 3537 1080 3571 fit-
1141 3546 1234 3567 rentur
1248 3539 1356 3568 brachia
1370 3540 1475 3567 Cancri.
1908 3556 1910 3559 -

6 3583 7 3589 ,
36 3574 106 3600 nem,
141 3566 278 3603 adstantem
291 3574 372 3591 autem
385 3565 423 3592 dli
436 3566 528 3606 afinqm
539 3569 626 3604 statim
642 3574 798 3600 deuorantem
816 3576 883 3609 quod
895 3575 926 3601 ab
937 3575 978 3601 illo
989 3581 1081 3601 tortum
1180 3582 1201 3603 ο
1212 3582 1229 3603 C
1238 3583 1259 3602 T
1270 3581 1291 3602 0
1302 3582 1317 3602 Β
1326 3583 1343 3602 E
1352 3583 1371 3602 R
1380 3596 1388 3609 ‚
1406 3574 1472 3602 bris.
1506 3583 1543 3602 m.
1579 3573 1673 3606 Mensis
1680 3573 1783 3598 Romani
1793 3573 1881 3599 decimi
1893 3583 1984 3601 nomen.
2023 3576 2119 3603 Auson.
2128 3576 2201 3603 Eclo.

31 3599 98 3634 fitt't.
169 3603 224 3630 Vid.
238 3601 348 3636 Pausaen.
362 3601 441 3628 Phoc.
454 3603 472 3628 s.
487 3602 557 3631 libro
570 3614 607 3633 10.
649 3609 703 3635 Huc
715 3608 825 3636 alludens
838 3611 916 3646 Prop.
929 3622 953 3645 4,
969 3619 990 3645 3,
1002 3619 1026 3637 2¹
1094 3614 1127 3641 95
1144 3613 1219 3647 gario
1233 3622 1258 3647 p.
1272 3621 1311 3643 553
1331 3611 1460 3638 Triticeo
1474 3608 1593 3637 October
1604 3609 1694 3635 fenere
1707 3607 1772 3635 ditat
1786 3617 1873 3644 agros.
1928 3611 1959 3635 Et
1972 3619 1997 3645 p.
2011 3621 2052 3643 554
2078 3611 2200 3639 Ofiober

6 3650 8 3657 ν
189 3637 298 3666 Occidat
310 3637 444 3664 immerita
456 3638 502 3672 qui
517 3640 607 3674 carpsit
618 3642 650 3669 ab
662 3644 758 3671 arbore
773 3645 888 3674 vallum:
962 3640 966 3646 ¹
1141 3647 1231 3683 cupidi
1247 3649 1317 3683 spem
1329 3648 1404 3674 fouet
1417 3646 1555 3682 agricolae.
1612 3645 1643 3670 Et
1656 3653 1681 3678 p.
1694 3654 1736 3675 555
1759 3644 1789 3671 Et
1804 3653 1867 3679 quas
1881 3645 2017 3680 oetober,
2049 3647 2200 3682 positusque

253 3673 285 3700 Et
298 3673 392 3701 struxit
408 3673 529 3708 querulas
541 3683 617 3702 rauca
629 3685 675 3712 per
685 3681 738 3708 offa
751 3680 835 3708 tubas.
1141 3683 1172 3710 in
1192 3684 1244 3711 fine
1259 3682 1414 3710 December.
1503 3678 1635 3707 Columel.
1655 3688 1685 3716 11,
1704 3689 1727 3713 2,
1746 3690 1771 3712 73
1806 3681 1863 3707 Cal.
1876 3681 2051 3709 octobribus.
2094 3684 2198 3716 Quarto

144 3721 148 3724 ¹
190 3708 305 3744 Dignior
320 3708 449 3745 obliquo,
479 3710 571 3736 funem
584 3712 631 3745 qui
643 3718 778 3749 torqueat,
806 3718 896 3753 Ocno,
1142 3718 1217 3746 Non.
1231 3719 1358 3747 oetobris
1370 3725 1415 3746 etc.
1614 3713 1636 3752 ἢ
1657 3725 1670 3742 2
1704 3715 1827 3743 October
1838 3725 1920 3751 equus
1934 3718 2093 3752 appellatur,
2114 3717 2197 3752 quiin

251 3745 431 3788 Aeternusque
447 3750 519 3772 tuam
533 3746 615 3781 pascat
630 3748 704 3776 aselle
716 3751 821 3780 famem.
1142 3764 1235 3790 campo
1250 3754 1348 3781 Martio
1368 3753 1456 3780 mense
1470 3748 1586 3779 octobri
1608 3751 1764 3779 immolatur
1783 3753 1924 3786 quotannis
1939 3753 2035 3784 Marti,
2074 3753 2197 3787 bigarum

6 3773 9 3779 ⁶
39 3775 159 3820 Oblffqu‘?
175 3779 194 3806 ἶ·
212 3779 239 3806 in
252 3781 386 3817 opussuum
400 3791 509 3808 mcuruo.
583 3782 649 3808 Plin.
661 3791 723 3819 35,¹=
735 3787 753 3812 s.
765 3797 808 3822 40,
820 3798 843 3822 3¹
868 3790 936 3816 inter
948 3795 1021 3825 opera
1033 3789 1078 3817 So·
1086 3796 1134 3815 100
1142 3791 1286 3817 vietricum
1301 3789 1436 3816 dexterior
1449 3797 1456 3818 ;
1499 3786 1531 3813 de
1545 3787 1619 3814 cuius
1632 3788 1717 3822 capite
1730 3796 1785 3815 non
1798 3788 1864 3815 leuis
1877 3789 2016 3815 contentio
2031 3788 2127 3815 solebat
2142 3786 2196 3825 ¹erse

36 3818 115 3839 “³¹¹⁸
125 3814 224 3848 P¹5l⁰r¹3¹
235 3816 311 3851 Piger
317 3837 326 3851 2
356 3818 403 3852 ‘lui
416 3816 562 3852 appellatur
575 3818 680 3851 0⁶¹¹⁰⁵=
712 3821 824 3854 spartum
838 3831 980 3860 torquem,
1006 3825 1077 3859 quod
1142 3826 1213 3854 inter
1225 3826 1417 3854 Suburanenses
1437 3830 1463 3850 et
1476 3823 1670 3857 Sacrauienses,
1708 3830 1737 3850 vt
1757 3823 1785 3850 hi
1805 3824 1832 3850 in
1846 3824 1944 3859 Regiae
1957 3824 2072 3859 pariete,
2110 3821 2148 3847 illi
2161 3819 2195 3846 ad

8 3870 9 3874 =
36 3849 130 3875 2sefll¹⁵
148 3849 255 3878 ³¹'1'0‘lit·
325 3854 398 3880 Hunc
416 3855 491 3880 locum
510 3854 555 3879 vbi
572 3855 608 3880 ad
619 3854 786 3888 Propertium
804 3859 972 3896 illustrandum
990 3861 1079 3888 attulit
1141 3863 1239 3889 turrim
1254 3861 1402 3889 Mamiliam
1420 3860 1447 3886 id
1461 3859 1585 3893 figerem
1621 3859 1794 3893 eiusdemque
1814 3859 1893 3886 cauda
1912 3866 1980 3886 tanta
1996 3859 2124 3886 celeritate
2137 3864 2196 3889 per-

40 3884 174 3918 Tu'mbuss
188 3885 305 3920 [1411Ῐῖῑῖῖὲ
339 3890 405 3926 Qis
418 3897 498 3915 autem
508 3898 556 3916 Μ
569 3891 642 3917 vid‘?
654 3899 755 3925 magnae
764 3893 885 3928 pigritiae
895 3896 973 3932 fuiffi*
986 3900 1014 3922 in
1029 3904 1079 3923 tor·
1142 3898 1229 3925 fertur
1243 3899 1270 3925 in
1283 3897 1408 3936 Regiam,
1433 3901 1462 3922 vt
1476 3904 1508 3922 ex
1521 3903 1551 3921 ea
1565 3895 1666 3930 sanguis
1678 3895 1789 3922 destillet
1803 3895 1831 3921 in
1846 3896 1934 3921 focum
1951 3891 2140 3931 participandae
2154 3889 2197 3918 rei

36 3922 129 3955 quendo
136 3919 223 3956 sparto
233 3922 358 3958 laborare,
390 3925 502 3960 nihilque
509 3927 643 3961 proficere,
667 3927 768 3953 rodente
780 3931 904 3965 quidquid
915 3940 1006 3958 tortum
1024 3940 1080 3960 erat
1142 3933 1250 3960 diuinae
1265 3938 1364 3967 gratia,
1384 3939 1430 3958 etc.
1503 3930 1599 3958 Festus.
1642 3931 1688 3958 Illa
1714 3933 1793 3956 tnzuda
1812 3932 1899 3957 cauiar
1920 3931 2056 3965 dicebam,
2081 3928 2121 3951 vln
2140 3927 2196 3951 'U'd-

35 3955 120 3990 efino,
147 3965 191 3984 aec
201 3963 283 3986 tamen
293 3960 408 3997 abigendi
420 3961 486 3995 afini
500 3962 605 3991 laborem
612 3961 753 3999 sufixperess
794 3964 844 3992 Sed
854 3966 932 3996 alium
943 3971 973 3995 in
979 3968 1128 4006 [εκ-[11711105
1141 3970 1218 4008 le
1232 3969 1271 3996 hic
1282 3966 1425 4003 quotannis
1436 3967 1545 4002 dicitur,
1578 3966 1640 3995 illud
1650 3968 1714 3995 idem
1728 3966 1814 3993 Festus
1826 3967 1854 3992 in
1870 3966 1965 3993 01111131-
1980 3968 2074 3995 quinto
2086 3969 2195 4023 1111ξέἒὲ

1296 4004 1316 4031 Ζ
1330 4011 1366 4035 zz
1390 4011 1405 4030 ε
