2517 4231
18 2037 22 2043 =
64 2026 190 2054 Veneria.
209 2027 233 2053 h.
247 2036 267 2053 e.
286 2028 374 2053 Struat
385 2033 410 2052 et
420 2033 507 2062 ponat.

64 2061 201 2089 hiemandi
214 2063 286 2089 eausa
300 2062 411 2088 locatur.
447 2062 583 2088 Marmora
597 2061 705 2087 secanda
725 2063 794 2088 Hor.
812 2062 863 2088 Od.
876 2072 897 2094 2,
918 2069 955 2096 ¹8,
971 2073 1002 2088 ir.
1040 2064 1121 2089 Ouid.
1140 2068 1172 2090 50

81 237 137 277 117
508 223 729 268 LOC

79 312 345 344 CVPLETATORI
371 315 471 344 ORBIS
498 315 710 344 TERRARVM.

76 352 212 388 praestant.
226 361 290 379 nmn.
302 351 362 387 dijffl
379 361 400 385 ¹3
421 362 446 387 p.
463 355 514 382 556.

117 393 135 413 1.
146 393 166 413 0
178 393 195 414 C
208 393 227 414 O
237 408 247 421 ,
263 391 315 414 are.
336 387 408 421 [3305
426 390 541 421 ἔκδῐδωμι,
554 388 649 420 μηθέν,
669 387 821 424 hieremia]
841 389 915 424 quast
931 391 959 415 In
974 390 1023 415 loco
1035 397 1134 425 ponere,

80 422 240 457 Constituere.
312 425 374 449 Item
387 433 437 449 rem
443 424 515 460 suam
527 423 604 448 alteri
615 424 751 456 concedere,
770 432 799 449 vt
814 435 865 451 eam
884 427 928 451 vel
937 426 1058 452 meliorem
1078 426 1133 450 red-

79 459 135 493 dat,
155 466 202 492 quo
220 459 315 484 nomine
323 459 451 493 pecuniam
471 458 571 492 accipit,
593 459 637 484 vel
648 468 677 484 ea
691 458 718 484 in
733 468 783 485 rem
798 459 872 495 suam
885 469 982 493 mator,
1001 468 1025 486 et
1035 467 1081 495 pro
1095 457 1134 484 illo
1154 461 1168 485 5

79 493 123 528 *vsu
132 493 218 528 soluat
227 495 364 528 pecuniam.
403 493 492 526 Caific
503 493 607 520 locatur
625 494 733 528 aliquid,
751 495 773 520 is
800 496 861 522 illm(
872 496 1018 523 conducere
1031 495 1134 521 dicitur.

81 529 156 563 Virg.
178 529 243 556 Aen.
267 540 292 564 i,
313 538 354 562 432
388 544 434 550 -—-
451 528 495 555 hic
515 529 565 555 alta
585 528 680 556 theatri
719 530 897 558 Fundamenta
911 532 1005 558 locant.
1075 528 1133 555 Cic.

80 564 153 592 Fam.
175 574 214 599 15,
235 574 248 591 2
268 566 409 600 Castraque
427 564 458 591 ad
483 563 603 596 Cybistra
631 564 728 592 locaui.
800 567 902 594 Ordine
924 567 1010 593 locare
1030 562 1134 597 aliquid

79 600 155 635 Virg.
168 601 232 628 Aen.
246 610 269 636 ς,
285 610 334 628 102.
405 599 495 627 Tacit.
509 599 542 626 de
555 601 646 627 Germ.
668 602 683 627 6
704 603 779 635 Qios
793 611 825 629 ex
845 602 920 630 omni
941 601 1079 626 iuuentute
1091 599 1134 625 de.

80 635 163 662 ledios
178 642 238 663 ante
250 637 332 663 aciem
347 635 443 662 locant.

79 673 180 700 Atrum
205 671 360 699 fodiendum
381 671 483 698 locare:
521 671 540 698 ι’.
560 673 631 697 Dare
648 682 736 706 ererum
759 673 906 707 fodiendum
922 670 996 705 perfla
1016 673 1131 697 meri-elle.

78 708 153 736 Plaut
178 707 293 741 Aniphit.
306 717 330 739 a,
345 715 366 733 2.
385 707 488 742 suppos.
503 716 519 736 1,
533 715 559 739 ²7
579 707 688 734 Perinde
696 708 732 734 est
746 707 879 743 praebere,
898 714 926 732 ac
941 705 1069 740 liAgrum
1082 706 1130 731 ste.

78 743 158 771 rilem
173 741 329 768 fodiendum
343 741 422 769 loces.
459 743 500 768 Sic
512 742 612 768 Locare
626 742 793 770 sternendum
807 741 895 767 locum
916 741 973 768 Cic.
987 743 1039 767 Art.
1056 750 1087 774 15,
1098 744 1131 768 16.

78 779 145 806 Plin.
159 777 233 812 Epist.
246 787 259 811 7
274 788 304 810 30
326 777 404 804 Instat
419 783 445 805 et
457 777 584 804 neceffitas
592 778 725 813 Agrorum
739 774 913 804 locandorum
928 785 1055 812 perquam
1072 785 1128 803 iiio.

76 814 148 848 lesta,
166 812 231 840 adeo
243 822 333 840 rarum
354 813 390 839 est
401 813 526 840 inuenire
540 813 650 840 idoneos
664 812 847 840 condutfflores.

69 848 151 885 sermo
166 848 207 884 est.
279 856 308 874 vt
333 848 387 876 Cic.
408 850 486 876 Verr.
506 858 527 882 3,
547 858 575 880 55
596 848 715 876 Xenonis
732 845 1130 875 Meneninobilimmihominis

74 883 166 913 vxoris
179 883 277 910 fundus
298 891 355 911 erat
370 885 467 912 colono
487 885 594 911 locatus.
666 884 716 908 Sed
733 884 763 908 de
782 884 951 918 aedificatione
983 886 1078 911 Arcem
1092 884 1131 910 lo-

76 925 144 951 care,
163 926 188 946 et
201 920 295 947 vrbem
310 921 425 947 condere
446 921 548 947 Lucret.
563 927 585 950 5,
601 926 664 949 ¹¹07·
736 918 818 945 Plaut.
832 919 935 946 Mostel.
951 930 970 953 i,
983 930 1051 953 &¹44
1072 917 1129 946 Nec

74 955 221 990 quidquam
230 957 345 990 Argenti
363 956 449 983 locaui
462 962 513 981 tam
527 953 573 979 diu
586 953 694 987 vsquam
707 960 789 989 aeque
804 954 880 989 bene,
899 956 917 982 i.
939 955 1066 988 collat-aui,
1086 957 1130 981 im-

69 992 156 1028 pendi.
230 992 376 1026 Argentum
391 989 497 1018 foenori
513 989 616 1021 locare,
639 996 684 1023 pro
703 991 806 1016 Foencri
825 992 895 1017 dare.

73 1026 130 1054 stel.
143 1036 165 1060 3,
180 1036 198 1062 1,
214 1037 221 1054 i
243 1027 423 1054 Scelestiorem
437 1033 487 1059 ego
501 1033 600 1051 annum
615 1023 728 1052 locando
743 1027 861 1061 Argento
875 1027 985 1053 foenori
994 1035 1131 1060 nunquam

72 1062 157 1089 vllum
170 1062 235 1092 vidi,
286 1062 428 1089 Auerfione
442 1061 540 1094 locare,
556 1060 642 1095 vids.
656 1062 674 1088 l.
684 1061 731 1096 sub
754 1068 913 1090 AVERTO.
965 1062 1129 1088 Beneficium

71 1098 141 1132 apud
162 1105 248 1133 gratos
266 1099 353 1125 locare
372 1096 432 1124 Liu.
448 1106 471 1129 7,
495 1105 536 1123 20.
611 1095 693 1123 Plaut.
715 1097 776 1124 Aul.
794 1107 822 1131 3,
843 1100 874 1130 6,
893 1107 917 1130 32
937 1097 964 1124 Si
979 1097 1068 1124 hercle
1080 1107 1130 1133 ego

71 1139 97 1161 te
118 1143 171 1160 non
186 1132 370 1167 elinguandam
385 1131 493 1167 dedero,
513 1132 594 1166 vsque
606 1131 639 1159 ab
652 1133 802 1159 radicibus:
828 1133 950 1168 impero,
982 1133 1130 1168 auCtorque

785 317 861 345 Adde
880 318 972 355 Spanh.
991 319 1022 345 dn
1044 316 1089 355 17¹⁰
1108 322 1132 345 et

74 1170 141 1203 suin,
157 1176 186 1196 vt
199 1177 242 1195 me
255 1168 342 1195 cuiuis
355 1168 526 1195 Castrendum
542 1167 621 1196 loceS.

70 1203 227 1232 Caedundos
241 1213 331 1240 agnos,
350 1210 377 1231 et
389 1204 496 1239 duplam
514 1204 637 1238 agninam
646 1204 753 1231 danunt.
825 1206 932 1240 Equites
946 1214 996 1240 pro
1005 1205 1131 1233 cornibus

68 1241 156 1268 locare
176 1240 308 1274 Quinctil.
320 1249 343 1275 2,
359 1249 389 1273 ¹3·
461 1239 516 1267 Cic.
532 1240 605 1267 Fam.
618 1250 642 1273 4,
657 1250 680 1267 12
698 1241 734 1266 Vt
748 1240 839 1274 iidemv
854 1240 1025 1267 Athenienses
1043 1241 1070 1268 in
1085 1250 1128 1267 eo-

69 1277 130 1303 dem
149 1275 210 1303 loco
227 1277 432 1303 Monumentum
446 1275 472 1302 ei
490 1284 672 1302 marmoreum
688 1276 846 1307 Faciendum
870 1277 997 1304 locarent.
1069 1277 1131 1304 Liu.

69 1322 97 1346 34
115 1311 218 1339 Aediles
233 1320 290 1339 eam
305 1311 417 1338 biennio
429 1317 488 1338 ante
501 1320 533 1338 ex
554 1311 701 1339 multatitio
720 1319 830 1347 argento
850 1312 996 1339 faciendam
1012 1312 1131 1340 locarant

69 1349 94 1375 h.
107 1358 126 1374 e.
138 1347 314 1383 Commiserant
325 1347 507 1374 conditam-ibus
528 1347 553 1383 s.
575 1348 757 1374 rea'emtvrilaus.

88 1392 138 1410 tum
157 1384 274 1414 tradere,
292 1391 322 1409 vt
340 1383 480 1410 collocare.
550 1383 619 1410 Ter.
641 1383 750 1411 Phorm.
772 1393 796 1416 4,
809 1394 830 1418 3,
844 1392 869 1418 41
892 1385 1008 1418 Qiaeso,
1029 1384 1093 1419 quid
1112 1384 1130 1411 si

93 1419 167 1446 iliam
181 1419 252 1445 suam
265 1419 369 1446 vnieam
382 1419 499 1446 locaret?
536 1419 610 1446 Idem
619 1418 726 1447 Phorni.
740 1429 763 1455 5,
780 1429 799 1453 1,
813 1423 842 1448 26
863 1422 898 1447 Vt
906 1421 983 1456 potui
995 1420 1131 1455 virginem

615 1455 797 1483 Fundamenta
814 1456 843 1482 in
857 1456 952 1484 stabilo
966 1457 1026 1484 loco
1041 1457 1129 1484 locare

73 1462 186 1490 nuptum
198 1454 286 1482 loeaui
298 1455 360 1482 huic
374 1455 542 1481 adolescenti.
1059 1493 1078 1519 F

1080 1501 1129 1519 un-

71 1491 139 1519 Plin.
153 1493 191 1523 36,
207 1500 240 1524 14.
313 1491 493 1518 Fundamenta
506 1490 602 1517 theatri
616 1491 703 1517 locant
723 1492 799 1526 Virg.
814 1493 878 1519 Aen.
901 1501 920 1526 1,
937 1502 986 1525 43²·

69 1527 134 1554 duni
149 1527 236 1554 locare
248 1526 278 1553 in
292 1526 517 1561 quinquennium..
555 1527 625 1554 Paul.
639 1526 669 1553 in
682 1528 699 1554 l.
707 1527 733 1554 Si
742 1528 880 1555 aColono.
889 1529 920 1556 D.
933 1530 973 1555 De
982 1528 1128 1556 verborum
1145 1533 1172 1557 35

69 1562 177 1598 obligat.
212 1562 301 1589 Funus
317 1562 404 1590 locare
421 1562 499 1589 intell.
513 1562 683 1596 Libitinariis,
705 1565 749 1598 qui
763 1565 868 1598 pecunia
887 1571 986 1600 accepta
1004 1564 1066 1590 illm(
1087 1574 1127 1591 cu-

71 1606 132 1625 rant
159 1597 215 1626 Cic.
229 1599 307 1626 Verr.
322 1607 345 1632 5,
361 1607 406 1631 ¹¹9·
442 1599 472 1625 In
485 1606 544 1625 arca
558 1598 646 1625 locare
666 1599 733 1625 Hor.
748 1599 830 1626 Serm.
841 1610 858 1631 ι,
871 1606 896 1635 8,
903 1609 926 1634 9.
964 1601 1020 1627 Cic.
1028 1599 1059 1626 de
1068 1600 1128 1628 Fin.

70 1643 95 1668 4,
110 1638 125 1663 8
144 1635 236 1668 Qum
247 1640 334 1661 autem
347 1635 454 1661 assiimta
463 1634 531 1660 ratio
538 1633 583 1666 est,
596 1640 668 1661 tanto
677 1634 704 1660 in
714 1635 860 1662 Dominam
873 1635 976 1662 locatur
988 1642 1015 1662 vt
1028 1637 1129 1670 omnia,

69 1677 114 1696 etc.
188 1669 320 1703 Qiinetil.
333 1681 357 1703 4,
374 1680 380 1697 i
402 1670 468 1697 Non
482 1669 615 1696 inutiliter
628 1670 737 1695 interim
745 1679 777 1696 ex
793 1671 1029 1705 quaestionibusin
1045 1673 1128 1699 Exor-

69 1705 117 1732 dio
137 1705 303 1738 locabuntur,
322 1713 441 1739 tanquam
454 1705 481 1729 in
494 1704 555 1732 acie.

68 1740 229 1767 luculentam
244 1740 399 1768 Familiam:
417 1739 486 1765 vnde
495 1738 546 1765 tibi
565 1739 662 1766 talenta
684 1749 778 1776 magna
793 1742 890 1777 viginti
905 1749 979 1777 patei*
993 1744 1036 1771 det
1051 1744 1129 1772 dotis.

67 1775 149 1803 Plaut.
162 1775 244 1802 Trin.
265 1784 292 1808 3,
312 1785 331 1809 3,
352 1784 379 1806 52
405 1775 483 1802 Tum
496 1780 524 1801 tu
539 1774 622 1809 igitur
634 1775 741 1803 demum
756 1776 916 1805 adolescenti
929 1788 1024 1806 aurum
1041 1780 1127 1815 dabis,

67 1810 115 1837 vbi
130 1811 182 1837 erit
196 1811 280 1838 locata
288 1811 366 1846 virgo
380 1811 409 1837 in
423 1810 637 1838 Matrimonium.
709 1813 843 1846 Qiinetil.
855 1823 892 1848 ¹0,
906 1824 912 1841 1
932 1816 1021 1849 Qiem
1030 1816 1057 1842 in
1071 1817 1129 1844 Nu-

63 1855 141 1873 mero
157 1853 279 1874 veterum
294 1846 382 1874 locare
394 1856 450 1873 non
463 1846 566 1880 timeas,
584 1847 601 1874 i.
609 1850 784 1875 Annumerare
796 1850 864 1875 inter
876 1858 978 1878 veteres.
1052 1852 1129 1888 Virg.

65 1884 132 1910 Aen.
147 1893 171 1916 4,
184 1892 226 1915 374
262 1898 309 1904 -—
329 1882 456 1915 eieEunn,
476 1883 557 1909 litore
578 1890 701 1918 egentem
743 1885 856 1921 Excepi,
877 1893 902 1913 et
922 1887 997 1922 regni
1019 1888 1127 1916 demens
1145 1894 1173 1918 45

65 1918 94 1945 in
109 1919 180 1946 Parte
193 1918 290 1945 locaui.
361 1918 400 1955 Id.
416 1918 481 1945 ibid.
500 1927 522 1952 2,
543 1928 586 1950 525
622 1919 663 1946 Sic
683 1929 731 1947 ore
751 1921 843 1955 effata,
863 1924 964 1958 recepit
1001 1925 1040 1951 Ad
1056 1925 1127 1952 sacra

64 1955 127 1989 sese,
146 1960 172 1981 et
185 1955 346 1989 longaeuum
360 1955 389 1981 in
402 1954 467 1981 Sede
474 1954 584 1982 locauit.
655 1955 737 1983 Plaut.
752 1956 821 1985 Rud.
835 1967 858 1988 2,
872 1968 897 1992 5,
913 1969 936 1992 ¹7
958 1959 1051 1987 Metuo
1066 1961 1125 1988 hei·-

64 1990 103 2017 cle
117 2000 150 2017 ne
163 1990 211 2017 illa
223 1991 322 2017 mulier
334 1990 519 2019 mihiInlidiae
532 1991 612 2023 locet,
632 1997 662 2018 vt
676 1992 890 2027 comprehendar
902 2004 962 2020 cuin
975 1996 1044 2022 sacra
1057 2005 1125 2024 vrna

577 2027 671 2053 Tacit.
681 2027 750 2054 Hist.
763 2038 787 2061 4,
802 2038 813 2060 3
834 2029 940 2062 Capuae
952 2031 1036 2063 Legio
1045 2032 1125 2056 tertia

66 2097 197 2127 Ainor.'i,
213 2107 249 2129 io,
265 2106 295 2127 30
313 2096 374 2122 Sola
389 2096 451 2121 viro
463 2096 562 2122 mulier
579 2095 670 2127 spoliis
686 2095 798 2121 exsultat
815 2096 942 2128 ademtis,
983 2097 1042 2123 Sola
1056 2097 1124 2125 locat

65 2131 182 2158 Noctes:
199 2131 252 2158 sola
266 2130 376 2157 locanda
389 2129 473 2157 venit.
545 2128 614 2155 Gell.
634 2138 662 2162 3,
681 2139 693 2161 3
720 2129 764 2155 Ob
777 2131 959 2163 quaerendum
973 2132 1076 2159 vietum
1091 2133 1123 2160 ad

63 2166 278 2201 circumagendas
298 2165 397 2198 molas,
418 2174 485 2198 quae
502 2164 633 2191 triisatiles
651 2164 824 2198 appellantur,
845 2165 962 2199 Operam
976 2167 1068 2201 pistori
1085 2169 1124 2195 lo.

63 2203 148 2230 casset.
169 2204 208 2228 De
223 2202 318 2227 Plauto.
390 2199 471 2226 Plaut.
487 2198 583 2232 Amph.
599 2208 617 2230 1,
633 2208 651 2231 1,
668 2207 704 2224 122
736 2200 819 2233 Perge
835 2209 905 2234 nox,
923 2207 952 2227 vt
964 2204 1122 2238 occoepisti:

62 2246 126 2273 gere
139 2237 207 2271 patri
223 2244 325 2262 moreni
339 2243 416 2261 meo:
439 2239 548 2268 optume
562 2239 674 2268 optumo
686 2240 823 2269 optumam
837 2236 953 2271 Operam
975 2237 1019 2265 das
1034 2239 1121 2266 datam
1129 2246 1158 2269 55

62 2273 174 2308 pulchre
185 2272 263 2299 locas.
299 2271 375 2306 Opus
389 2269 499 2304 aliquod
511 2269 598 2296 locare
607 2269 688 2296 alicui
709 2269 782 2297 Idem
804 2271 872 2298 Asin.
888 2281 916 2305 2,
934 2282 958 2305 4,
972 2283 1007 2306 37.
1046 2276 1122 2309 Opus

62 2309 167 2337 locatur
176 2307 212 2341 id,
226 2306 298 2342 quod
312 2315 344 2333 ex
357 2314 415 2332 mea
429 2305 540 2341 pecunia
551 2304 687 2332 reficiatur
702 2305 759 2332 Cic.
775 2307 852 2334 Verr.
875 2317 893 2338 i,
915 2316 963 2340 ¹42·
1034 2310 1121 2336 Orna-

62 2351 152 2373 menta
165 2345 262 2377 locare,
288 2343 306 2369 i.
326 2349 421 2368 vtenaa
431 2348 477 2377 pro
489 2341 595 2377 pecunia
610 2342 673 2366 dare
693 2340 774 2368 Plaut.
788 2342 866 2368 Cure.
886 2353 910 2377 4,
931 2353 949 2377 1,
964 2353 985 2376 3.
1041 2345 1119 2373 Sedes

62 2387 89 2408 et
103 2380 200 2415 templa
219 2380 340 2406 locarunt
361 2378 390 2404 in
410 2377 484 2404 caelo
508 2377 612 2403 Lucret.
631 2384 652 2410 5,
668 2382 727 2409 ¹¹87·
801 2378 884 2405 Plaut.
900 2379 997 2414 Amph.
1012 2390 1031 2412 1,
1044 2390 1061 2415 i,
1078 2391 1118 2416 ¹47

61 2417 119 2444 Rex
132 2417 220 2449 Creon
235 2414 328 2449 vigiles
340 2413 486 2440 nocturnos
495 2411 610 2447 singulos
623 2412 724 2447 semper
732 2413 808 2440 locat.
827 2421 850 2441 s.
870 2414 938 2441 bene
952 2416 1033 2447 facit„
1062 2418 1119 2445 Cic.
1127 2415 1162 2441 60
1184 2417 1274 2442 tionem
1285 2417 1432 2452 fignificat:

63 2452 95 2481 de
115 2451 220 2478 Amicit.
239 2456 304 2476 extr.
326 2450 382 2475 Vos
396 2454 484 2475 autem
505 2447 617 2481 hortor,
637 2454 666 2475 vt
686 2448 721 2475 ita
731 2449 867 2477 Virtutem
879 2451 981 2486 locetis,
1001 2452 1053 2480 fine
1066 2463 1119 2488 qua

60 2487 177 2515 amicitia
189 2487 239 2513 esse
252 2494 307 2512 non
325 2484 422 2520 potest:
443 2489 474 2512 vt
486 2492 516 2510 ea
529 2491 646 2518 excepta,
665 2484 733 2514 nihil
750 2485 868 2513 amicitia
880 2487 1063 2521 praestabilius
1071 2499 1118 2525 pu-

59 2523 129 2551 tetis.
187 2524 277 2548 Graeu.
292 2520 434 2557 suspicatur
451 2522 498 2556 leg.
525 2519 626 2547 colatis.
698 2521 779 2548 Virus
793 2522 894 2550 ferinae
909 2523 1014 2558 linguae
1030 2525 1119 2552 locare

57 2560 146 2586 alieno
159 2557 249 2586 dolori
269 2556 345 2592 Apul.
359 2555 436 2591 Apol.
453 2565 478 2591 p.
498 2565 557 2590 275,
572 2565 591 2583 ii
619 2557 761 2585 derabulis.
834 2559 925 2586 Vitam
947 2560 976 2586 in
987 2561 1117 2595 tranquil-

34 2603 38 2607 ”
59 2595 87 2623 10
103 2595 191 2621 locare
209 2594 312 2620 Lueret.
325 2601 393 2626 ς,12.
467 2591 569 2619 Vrbem
591 2590 695 2626 Pataui,
720 2593 846 2629 sedesque
868 2595 967 2622 locauit
991 2593 1153 2624 Teucro-65

59 2641 120 2659 runi
140 2631 216 2664 Virg.
234 2630 298 2656 Aen.
311 2638 330 2664 i,
343 2637 390 2660 251.
462 2626 627 2656 PlautRud.
641 2638 664 2661 2,
686 2631 711 2663 6,
732 2639 755 2660 ςι
777 2631 866 2664 Qiid,
887 2631 905 2658 fi
924 2631 1015 2666 aliquo
1030 2633 1061 2659 ad
1077 2633 1116 2659 lii.

60 2667 107 2694 dos
120 2676 161 2693 ine
174 2675 223 2701 pro
238 2664 368 2691 manduco
382 2664 477 2691 locem.
533 2664 574 2691 Ad
581 2671 647 2691 artes
656 2666 922 2701 nugatoriasoperam
931 2667 1017 2694 locare
1033 2669 1117 2696 Plaut.

58 2703 140 2730 Trin.
154 2713 178 2735 4,
193 2712 215 2734 2,
229 2710 249 2727 2.
298 2701 410 2732 Loeare,
421 2707 466 2735 pro
480 2701 617 2727 conducere
626 2701 727 2736 politum
736 2708 843 2737 putatur
863 2703 951 2730 Varro
964 2704 996 2730 de
1016 2705 1046 2731 R.
1061 2706 1091 2733 R.
1104 2714 1117 2732 2

57 2739 142 2767 Pract'.
165 2738 249 2772 Igitur
256 2735 329 2771 quod
343 2744 411 2763 nuuc
425 2737 495 2763 intra
509 2745 616 2762 murum
629 2737 685 2763 fere
699 2744 784 2771 pari-es
797 2738 916 2766 familiae
924 2741 1118 2775 correpserunt,

57 2775 160 2802 relietis
174 2773 239 2800 falce
253 2780 278 2798 et
291 2778 395 2805 aratro,
414 2778 441 2799 et
453 2781 546 2801 manus
561 2781 671 2800 mouere
686 2773 838 2801 maluerunt
851 2775 879 2801 in
900 2774 1004 2802 theatro
1024 2785 1053 2803 ac
1067 2777 1117 2804 cir·
1127 2780 1158 2803 70

60 2820 108 2844 co,
127 2819 206 2845 quam
218 2810 247 2836 in
260 2807 389 2843 segetibus
406 2816 435 2834 ac
448 2808 557 2841 vinetis,
578 2809 742 2836 frumentum
758 2809 875 2837 locamus
890 2812 936 2844 qui
953 2812 1031 2839 nobis
1040 2812 1117 2839 adue-

58 2846 104 2874 hat
115 2855 147 2873 ex
161 2845 251 2872 Africa
265 2850 290 2871 et
299 2844 428 2871 Sardinia.
463 2845 557 2879 Nempe
569 2845 633 2870 idem
641 2844 681 2879 qli,
694 2855 722 2870 ac
739 2855 748 2870 ι
767 2847 877 2881 a'ixiffe't,
897 2847 1063 2876 frumentum
1077 2848 1120 2876 ad.

60 2882 210 2910 vehendum
219 2881 346 2915 locamus,
366 2880 392 2905 in
406 2889 452 2915 quo
464 2879 531 2905 nihil
543 2879 602 2916 cfflt
615 2881 720 2916 insoliti.

91 2926 111 2944 L
122 2926 143 2946 O
152 2924 168 2944 C
180 2924 203 2944 A
215 2924 237 2944 Τ
251 2924 271 2942 v
281 2923 310 2950 s,
332 2925 355 2949 a,
374 2925 428 2942 um.
466 2916 569 2944 Lucret.
581 2925 603 2949 3,
617 2917 664 2942 610
683 2916 778 2944 Anima
791 2917 892 2945 incerta
906 2918 1015 2953 regione
1025 2919 1117 2948 locata.

58 2953 198 2982 Benefaoa
212 2953 280 2979 male
294 2952 379 2979 locata
394 2951 451 2978 Cic.
464 2951 496 2978 de
510 2951 564 2978 Off.
574 2962 596 2986 2,
605 2954 634 2979 62
649 2961 672 2979 c.
682 2958 714 2982 18.
724 2953 860 2980 Ciuitas'in
870 2955 922 2981 fide
930 2955 1041 2982 alieuius
1050 2956 1116 2983 loca·
1124 2961 1152 2985 75

59 2997 85 3017 ta
115 2990 153 3017 Id.
173 2990 225 3016 Att.
246 2990 276 3023 6,
298 2998 315 3015 ι.
386 2988 494 3022 Equites
514 2987 547 3014 ab
567 2994 684 3022 vtroque
704 2997 794 3024 cornu
810 2989 890 3017 locati
910 2991 986 3018 Curt.
1006 3002 1026 3025 ς,
1048 3003 1073 3027 9,
1093 3000 1116 3023 8.

59 3026 194 3053 Exercitus
208 3025 236 3051 in
253 3030 323 3051 terra
335 3024 435 3050 locatus
457 3023 553 3050 Vellei.
569 3033 591 3058 2,
604 3030 643 3059 85,
658 3034 678 3051 2.
752 3026 873 3052 Membra
882 3027 928 3053 suo
943 3037 1063 3062 quaeque
1077 3029 1116 3055 lo-

59 3071 90 3088 eo
104 3061 187 3088 locata
200 3061 256 3088 Cic.
272 3061 304 3087 de
318 3060 389 3087 Clar.
411 3059 486 3086 Orat.
507 3069 556 3093 209
574 3070 594 3088 c.
611 3070 645 3093 57.
716 3061 811 3088 Oratio
823 3062 859 3089 est
879 3062 911 3088 de
930 3063 968 3089 Re
990 3065 1068 3091 certis
1088 3065 1116 3091 in

60 3097 174 3130 personis
188 3106 216 3123 ac
230 3096 397 3131 temporibus
409 3095 493 3122 locata
513 3096 568 3123 Cic.
583 3095 614 3122 de
628 3096 703 3123 Orat.
718 3106 726 3123 ι
747 3106 768 3123 c.
782 3106 813 3129 3¹·
839 3098 857 3124 i.
871 3099 1045 3134 dequaesti'one
1052 3101 1114 3136 fini.

61 3138 99 3158 ta.
132 3132 350 3159 Tabernaculum
365 3132 441 3167 super
454 3131 539 3167 ripam
552 3131 670 3159 fluminis
684 3132 799 3160 locatum
818 3133 893 3160 Curt.
911 3144 935 3167 7,
949 3140 972 3166 8,
988 3144 1005 3162 1.

99 3173 116 3193 1.
126 3172 144 3192 Ο
154 3173 171 3193 c
183 3175 203 3194 Α
216 3175 237 3195 T
250 3176 260 3195 1
272 3175 308 3195 M.
333 3167 401 3194 Adu.
438 3169 488 3193 Per
495 3169 560 3194 loca;
575 3167 633 3203 scil.
649 3169 735 3202 Pagos.
773 3169 860 3196 Valer.
875 3170 945 3197 Max.
959 3180 983 3204 5,
1003 3180 1024 3204 3,
1044 3179 1109 3197 extr.

60 3211 72 3234 3
91 3201 138 3229 Ille
156 3201 260 3230 locatim
278 3204 407 3239 dispersos
426 3203 498 3230 ciues
520 3204 580 3230 suos
599 3204 629 3230 in
647 3213 727 3231 vnam
751 3203 848 3232 vrbem
876 3205 1023 3240 contraxit,
1054 3208 1111 3234 Vid.

61 3239 151 3264 Graeu.
167 3239 201 3276 af!
208 3238 263 3266 Cic.
276 3242 326 3267 Att.
339 3249 380 3274 7,3
401 3249 425 3274 p.
440 3241 493 3271 673-

95 3279 111 3299 L
121 3279 140 3299 Ο
152 3278 170 3299 C
184 3278 194 3298 1
203 3278 224 3298 Τ
233 3279 252 3301 0
262 3294 271 3307 ,
289 3279 344 3303 ire.
364 3276 531 3311 [ἁπομιῶὁω]
551 3275 770 3310 Frequentatiuum
779 3275 922 3309 formatum
933 3287 949 3303 a
961 3277 1061 3313 supino,
1087 3284 1110 3305 A

40 3307 43 3312 ’
58 3309 87 3334 in
103 3315 114 3334 1
137 3314 242 3334 mutata.
309 3311 379 3340 Ter.
395 3311 506 3346 Adelph.
517 3319 545 3345 3,
558 3318 581 3345 8,
595 3313 625 3338 26
646 3311 734 3347 Agelli
751 3311 796 3339 hic
809 3311 856 3339 sub
876 3312 941 3340 vrbe
959 3313 995 3340 est
1008 3313 1108 3349 paullu-
1116 3316 1145 3342 85

58 3344 130 3377 lum,
151 3343 222 3378 quod
238 3343 326 3371 locitas
343 3347 424 3374 foras.

96 3385 342 3413 LOCARIVM‚
359 3382 378 3409 i.
395 3383 739 3410 n.vid.LocAR1vs.

96 3424 113 3443 L
122 3422 141 3442 O
152 3421 170 3442 C
182 3420 205 3441 A
216 3421 234 3440 R
247 3421 257 3440 1
270 3420 292 3441 V
305 3420 318 3440 S
330 3421 340 3446 '‚
351 3416 378 3454 j-
397 3427 433 3445 m.
490 3419 605 3447 Martial.
620 3429 641 3452 5,
654 3428 681 3449 25
701 3422 732 3445 de
749 3421 875 3453 Hermen,
884 3421 1033 3456 gladiatore
1041 3421 1108 3446 nobi-

58 3450 155 3486 liffimo‚
175 3451 288 3477 Hermes
303 3449 410 3477 diuitiae
422 3454 594 3488 locariorum‚
612 3455 630 3482 i.
647 3464 740 3489 eorum,
761 3455 805 3490 qui
830 3457 895 3490 loca,
908 3456 1110 3491 fiuespellacula

60 3490 142 3515 locant
155 3487 182 3512 in
196 3486 311 3518 theatris,
325 3485 380 3517 siue
402 3488 430 3512 de
437 3488 641 3526 defigiiatoribus
659 3490 797 3527 intelligas,
817 3493 847 3517 de
860 3493 945 3526 quibus
953 3494 977 3528 s
986 3493 1003 3518 l.
1011 3492 1066 3525 stue
1080 3493 1109 3517 de
1117 3500 1152 3526 90

56 3523 225 3583 pauper-rixis,
262 3522 306 3557 qui
333 3527 430 3547 mature
447 3531 556 3560 occupem
580 3527 648 3560 loca,
682 3527 760 3562 iisque
777 3529 917 3554 mercedula
942 3529 1108 3554 intercedente

56 3559 116 3585 aliis
141 3567 165 3583 ce
184 3565 238 3584 ant.
506 3583 510 3586 ,

94 3601 111 3620 1.
122 3600 142 3620 o
153 3599 171 3620 c
185 3600 207 3620 A
218 3600 237 3619 R
248 3599 260 3620 1
273 3599 296 3619 v
306 3599 332 3619 M
361 3592 424 3627 quid
433 3591 484 3625 fit,
506 3592 592 3622 Varro
609 3597 718 3633 explicat
737 3597 769 3625 de
788 3599 818 3625 L.
834 3598 863 3625 L.
887 3610 912 3633 4,
926 3608 938 3625 2
954 3598 1108 3632 Locarium,

58 3629 130 3663 quod
143 3629 220 3656 datur
231 3629 260 3655 in
272 3627 373 3655 stabulo
393 3633 418 3654 et
431 3626 545 3658 taberna.
564 3631 611 3657 vbi
623 3633 770 3661 consistant.
808 3635 878 3660 Reae
888 3632 972 3670 igitur
982 3634 1040 3661 lcii
1051 3636 1108 3661 vul.

56 3674 88 3700 go
102 3665 243 3691 Locarium
254 3671 299 3699 pro
310 3665 418 3690 mercede
432 3663 558 3689 locationis
568 3670 668 3698 ponunt.

97 3706 114 3726 ι
126 3706 145 3726 0
157 3706 174 3727 c
186 3701 209 3727 Ᾱ
218 3706 240 3727 Τ
252 3706 272 3727 0
285 3706 305 3727 R
316 3717 325 3731 ‚
348 3699 412 3726 bris·
436 3708 472 3725 m·
496 3698 528 3733 [ὅ
540 3700 686 3737 &notiam-‚q
710 3705 764 3741 Qi
776 3706 840 3731 locat
853 3705 954 3740 aliquia·
960 3705 1108 3738 faciendum

60 3736 205 3769 condonari,
217 3736 257 3761 cui
264 3741 312 3771 pro
319 3742 389 3770 opera
397 3734 590 3770 datpecunium3
606 3743 649 3760 aut
660 3744 821 3773 vtendum‚vt
828 3747 872 3776 pro
880 3741 934 3775 vfir,
944 3750 1012 3775 quem
1018 3743 1108 3767 condo-

60 3771 124 3796 flori
134 3771 253 3805 permifit,
266 3771 372 3805 accipiar
377 3771 505 3805 pecuniam
514 3770 627 3796 Locator
639 3772 746 3800 dominos
758 3777 796 3801 rei
807 3777 908 3803 lut-«tae,
948 3776 1012 3803 Plin.
1037 3786 1060 3808 7,
1081 3786 1107 3807 5²

60 3806 161 3835 Romae.
177 3814 283 3840 quoque
297 3806 446 3832 Corfidium
461 3812 617 3832 materterae
632 3805 690 3832 suae
703 3811 826 3845 magnum
847 3811 941 3838 funere
960 3811 1046 3839 locato
1065 3821 1107 3839 re-

59 3842 163 3875 vixisse,
184 3848 209 3867 et
221 3841 363 3868 locatorem
376 3842 477 3868 funeris
493 3841 525 3868 ab
538 3851 571 3869 eo
585 3842 689 3868 elatum.
727 3846 798 3878 Conf.
813 3847 884 3874 Vitr.
905 3858 923 3881 i,
948 3856 967 3874 i.

60 3877 196 3903 faciendae
215 3876 232 3902 l.
247 3878 290 3904 60.
308 3878 341 3905 D.
354 3877 404 3904 loc.
418 3877 494 3904 cond.
517 3876 540 3915 ᾗ.
555 3888 574 3910 3,
639 3876 724 3903 Fundi
736 3878 844 3909 locator.
861 3883 879 3910 1.
894 3893 928 3916 35.
947 3884 1008 3918 Dig.
1029 3885 1109 3910 Loca-

58 3911 211 3940 ticondue’t.
232 3912 326 3946 Operis
339 3913 357 3940 l.
371 3915 399 3945 36
417 3913 449 3940 D.
464 3914 514 3942 loc.
534 3912 611 3940 cond.

100 3955 116 3975 L
131 3955 151 3975 0
162 3953 179 3974 C
189 3954 211 3974 Α
224 3952 246 3973 Τ
260 3954 310 3978 10,
323 3949 391 3975 bnis.
408 3949 428 3975 f.
448 3949 640 3984 [ammiano-11]
659 3949 861 3986 Locatorisaem,
877 3962 907 3981 vt
915 3955 1036 3981 conduc‘h'o
1053 3962 1109 3980 ton-

58 3985 173 4010 duam-is.
211 3982 266 4009 Cic.
280 3983 356 4010 Verr.
372 3994 391 4019 i,
406 3994 442 4015 152
461 3985 513 4011 Hic
528 3985 601 4011 istius
616 3985 736 4011 scelerata
752 3985 891 4019 locatione,
904 3990 1059 4024 nefarioque
1074 3989 1108 4015 la.

1119 3135 1153 3160 80

58 4020 192 4057 trocinio,
216 4018 294 4048 bonis
305 4019 415 4055 patriis,
438 4020 615 4057 ¹fortunisque
633 4020 758 4052 omnibus
772 4021 896 4057 spoliatus
913 4026 987 4056 venit
1000 4026 1029 4055 in
1041 4025 1109 4055 iudi·
1120 4037 1163 4061 105
1171 4024 1218 4055 lib.
1232 4024 1278 4054 vlt.
1293 4031 1312 4052 t.
1329 4033 1342 4055 4
1368 4021 1421 4053 l.18
1440 4023 1464 4058 §=
1482 4031 1521 4055 10.

516 638 568 661 lam
575 635 730 671 siaelgflamimc
742 640 826 664 ordine
839 636 983 664 elementari
993 635 1132 661 locabimus.
1142 638 1172 657 ¹0

921 813 970 838 Hic
982 814 1011 838 de
1025 812 1127 839 colonis
1146 814 1171 839 ¹5

969 991 1050 1017 Plaut.
1070 991 1130 1017 Mo·
1139 1000 1171 1018 20

694 1168 768 1196 Idem
776 1170 851 1204 Capt.
861 1179 912 1210 4,.3,
927 1179 955 1203 39
976 1167 1032 1202 Qi
1045 1169 1133 1196 locant
1149 1176 1176 1199 25

829 1349 926 1376 Filiam
940 1349 1027 1376 locare
1040 1348 1072 1385 est
1085 1353 1166 1379 ἰιι-30

629 1705 710 1731 Plaut.
725 1705 788 1732 Cist.
800 1715 823 1739 2,
837 1716 858 1739 3,
874 1714 897 1737 18
923 1707 972 1735 Tu
991 1708 1080 1735 locere
1098 1709 1127 1736 in
1136 1715 1169 1739 40

1607 230 1834 273 Lot}
2194 254 2247 296 „3

1195 316 1276 356 cium·
1312 316 1385 361 Ideni
1397 319 1449 348 Λα.
1460 326 1488 355 4,
1502 318 1513 354 3
1534 317 1686 349 Disturbata
1701 323 1817 358 porticus
1831 322 1930 361 Catuli,
1943 334 2010 362 quae
2017 337 2048 357 ex
2062 333 2086 359 S.
2101 334 2130 361 C.
2153 335 2244 364 COSS.

1195 353 1324 395 locatione
1339 355 1518 390 reficiebatur,
1535 363 1562 384 et
1575 359 1606 385 ad
1625 358 1724 385 teetiuu
1740 367 1822 394 paene
1830 369 1994 394 peruenerat.
2067 369 2246 404 Vceiigalium

1197 388 1295 414 locatio
1310 389 1378 415 Suet.
1392 392 1463 431 Caes.
1480 402 1519 420 20.
1590 393 1645 422 cic.
1660 396 1711 422 Att.
1727 404 1745 430 1,
1762 403 1785 428 17
1807 395 1892 423 Aliani
1905 399 1951 432 qui
1965 398 1996 426 de
2010 402 2169 431 Censoribus
2182 417 2244 435 con-

1196 423 1340 464 duxerunt,
1360 426 1441 465 questi
1457 427 1512 454 sunt
1529 427 1556 454 in
1571 429 1674 464 Senatu,
1696 431 1720 457 se
1732 431 1876 466 cupiditate
1889 434 2023 470 prolapsos
2032 438 2144 466 nimium
2152 449 2248 477 magno

1196 458 1362 499 coiiduxisse:
1384 461 1596 501 vt-induceretur
1609 465 1716 499 locatio,
1736 466 1943 501 postulauerunt.
1978 471 1996 497 i.
2009 474 2147 509 vti-[fcisti
2165 479 2246 511 pra„

1198 495 1324 534 loc-attone,
1338 504 1402 520 nova
1415 495 1604 538 tristantium-,⁴
1636 503 1690 527 l'iil.
1703 502 1763 529 Liu.
1778 511 1816 538 39,
1838 513 1860 535 4.
1883 505 1953 532 Βίνν.
1976 508 2032 532 [Cei
2050 509 2151 535 sumere
2165 513 2246 547 solunt

1197 529 1306 556 L0c³t¹0
1315 530 1477 571 Conduffip»
1497 539 1525 570 vt
1540 532 1626 560 Ennio
1639 537 1775 564 venditio.
1846 539 1989 568 Ludificari
2004 533 2162 571 locaticinciii
2192 549 2247 576 vid.

1199 569 1324 591 Lvnvs.
1361 566 1550 601 amphibolian
1565 568 1623 595 fleri
1645 571 1738 598 vitiosa
1757 573 1901 602 verborum
1920 576 2052 606 locatione
2073 569 2207 617 Qiinc't.9
2225 595 2248 617 4.

1235 606 1531 635 LOCABiLis,c-.
1555 606 1945 643 nnzleiNLOclin1L18.
2208 604 2217 618 ³

1232 642 1249 662 L
1260 642 1279 678 o
1289 642 1307 662 e
1321 643 1372 662 AT
1384 644 1404 664 A
1418 644 1434 663 R
1448 645 1455 664 i
1470 643 1490 678 γ
1505 643 1518 664 s
1530 659 1537 671 ,
1560 648 1578 664 i.
1596 648 1631 666 m.
1684 641 1740 674 Qii
1754 642 1878 679 domum,
1900 654 1944 675 aut
1955 647 2079 682 fundum,
2097 651 2204 680 aliudue
2219 654 2249 683 in

1194 671 1353 698 locationem
1375 672 1507 701 conducit.
1544 675 1599 701 Ici.

1235 713 1280 748 Lo
1291 713 1308 747 c:
1319 714 1372 734 A‘r
1385 715 1394 733 i
1409 714 1452 748 ”ri
1465 715 1485 734 v
1498 716 1527 749 s,
1544 717 1566 742 a,
1589 720 1642 736 um.
1663 710 1721 738 Adi.
1740 712 1832 745 [Gloff
1850 716 1906 742 Vet.
1922 718 2065 748 Locatitius
2085 723 2249 761 μιοθώσιμος]

1193 743 1325 777 Fatigatio
1342 742 1460 770 locatitia
1480 745 1570 771 Sidon.
1584 746 1662 781 Epist.
1676 750 1701 779 6,
1717 754 1739 776 8.
1774 748 2004 782 Manuslocatitiae
2012 757 2115 786 Saluiau
2138 761 2209 795 Epist
2229 772 2236 788 ι

1193 787 1296 819 vtrvqife
1309 780 1359 805 loco
1373 780 1436 804 inem
1443 780 1504 813 fere
1518 780 1559 815 ist,
1584 784 1650 816 quod
1665 782 1837 810 mercenarius.
2118 780 2124 786 ¹
2212 784 2216 789 ’
2241 783 2249 790 ”

1231 821 1247 840 L
1258 822 1277 841 O
1289 820 1307 842 C
1319 818 1339 840 V
1349 820 1362 841 S
1371 821 1393 841 T
1403 821 1425 842 A
1434 835 1443 848 ‚
1461 824 1499 842 ae.
1520 817 1539 842 f.
1560 817 1663 853 [ὰκρῖς]
1699 818 1806 844 Animal
1823 829 1853 844 ex
1874 821 2015 855 insi-Horum
2035 837 2124 861 [tmere.

1194 850 1309 876 Plinium
1329 859 1358 882 ιι,
1372 859 1410 883 29.
1466 852 1570 878 Hieron
1588 852 1646 879 adu.
1662 852 1748 880 Iouin.
1762 853 1780 879 f.
1796 863 1831 886 34,
2031 856 2037 861 “
2124 851 2129 857 ’

1194 886 1280 948 pulos,
1298 886 1359 920 quia
1374 895 1421 921 per
1433 886 1566 914 desertum
1580 895 1605 914 et
1621 889 1732 915 calidam
1750 890 1834 915 eremi

1213 931 1239 948 es
1253 922 1433 956 reperiuntur,
1455 922 1560 949 locustis
1578 925 1648 951 vesci
1669 925 1753 950 moris
1773 925 1816 951 est.

1194 965 1240 983 nes
1261 966 1368 992 quoque
1382 958 1494 992 Baptista
1508 959 1611 993 probat.
1682 959 1799 986 Brut-hus
1814 964 1949 990 etexcusi'o
1964 967 2097 994 confidens
2105 980 2151 997 ore
2165 975 2172 999 1
2185 984 2247 1001 ocu.

1195 993 1232 1019 sta
1247 993 1341 1020 Alcim.
1364 1002 1387 1024 5,
1402 999 1449 1023 «88.
1488 994 1586 1021 Exorta
1600 994 1647 1021 Vis
1661 995 1820 1022 locustarum
1832 997 1900 1024 Tac.
1917 1000 1985 1028 Ann.
2001 1011 2032 1033 ις,
2047 1013 2059 1033 5
2091 1015 2113 1037 ⁴·
2192 1008 2212 1047 ι]
2234 1020 2247 1038 2

1196 1028 1337 1060 Locustae,
1352 1027 1472 1062 ,Piscium
1486 1030 1540 1061 fine·
1558 1032 1706 1056 lacertorum
1727 1041 1816 1065 (renim,
1841 1036 1870 1058 de
1884 1043 1928 1067 qim
1949 1036 2015 1063 Plin,
2030 1024 2109 1071 9:30,
2128 1049 2151 1067 pt

1851 854 1870 881 B
1892 857 2040 887 orientales
2054 873 2078 889 et
2094 835 2249 903 Libyaepiig':

1848 891 1993 919 vastitatem
2021 896 2179 929 locustarum
2199 913 2248 931 nu-

1891 927 1949 953 Hoc
1969 939 2060 958 verum
2074 937 2131 968 effe,
2153 938 2246 966 lolian-

1195 1064 1263 1090 Cels.
1278 1073 1299 1094 2,
1313 1070 1349 1094 28.
1386 1064 1454 1091 Suet.
1469 1065 1651 1093 Tibcr.c.60.
1671 1060 1751 1093 Gloir.
1768 1067 1885 1101 Locusta,
1909 1072 2013 1104 κάραζυς.
2051 1077 2123 1103 (eonf.
2138 1052 2248 1114 lviii-piu

1196 1100 1300 1126 l’etron.
1320 1109 1341 1125 c.
1356 1108 1381 1132 35
1399 1108 1424 1134 p.
1441 1109 1485 1132 ¹35-
1559 1103 1624 1128 Non.
1638 1102 1706 1129 dere
1719 1102 1810 1129 Cibar.
1832 1114 1852 1135 ς,
1867 1107 1894 1136 36
2025 1145 2030 1149 .
2051 1108 2071 1147 q
2098 1107 2110 1143 '3
2138 1087 2249 1142 Locus&

1195 1135 1279 1168 etiam,
1291 1136 1388 1161 Mulier
1401 1137 1514 1172 veneficii
1522 1135 1680 1171 peritiffima,
1700 1139 1798 1164 Neroni
1810 1147 1891 1169 (trata.
1962 1142 2051 1172 Taelt.
2073 1147 2140 1174 Ann.
2162 1156 2185 1175 1:
2209 1154 2238 1177 66

1195 1178 1218 1195 et
1245 1180 1275 1203 ¹3,
1301 1181 1332 1198 ις.
1404 1172 1477 1206 Conf.
1496 1173 1589 1200 quen.
1614 1173 1664 1199 Sat.
1687 1183 1712 1206 i,
1732 1183 1755 1207 71
1782 1174 1951 1211 Instituitque
1971 1180 2048 1206 rudes
2068 1182 2166 1209 melior
2187 1170 2249 1212 ’Lus

1194 1206 1263 1233 custa
1282 1206 1452 1241 propinquas.

1232 1247 1767 1280 Locv'rio,Locv⁷roR‚
1791 1251 2250 1289 Locx‘1rvreivs,vid.

1195 1283 1409 1316 ch-von.

1613 1318 1638 1350 L
1711 1319 1741 1351 O
1799 1321 1830 1352 D

1232 1389 1327 1413 LDDI
1340 1393 1375 1420 x,
1400 1386 1457 1414 icis.
1486 1387 1506 1413 f.
1534 1387 1682 1422 [in-sennua]
1713 1390 1895 1424 operimentum
1916 1394 1980 1421 lei‘li.
2052 1394 2144 1426 quen,
2159 1400 2210 1428 Sat,
2224 1403 2240 1428 6

1194 1431 1235 1455 ¹94
1262 1423 1342 1448 Verba
1359 1423 1441 1450 niodo
1475 1422 1522 1449 fib
1545 1423 1631 1451 lodice
1661 1423 1774 1459 relicta,
1808 1428 1826 1453 i.
1847 1428 1941 1463 lasciua
1966 1434 2104 1467 amatoria,
2137 1436 2186 1468 {wi
2209 1420 2250 1472 Ui

1192 1456 1269 1490 ψυχή.
1342 1460 1374 1484 Et
1391 1460 1442 1485 Sat.
1462 1468 1484 1493 7,
1501 1460 1533 1485 66

1350 1494 1461 1529 Magnae
1475 1495 1571 1521 mentis
1587 1503 1663 1531 opus,
1684 1505 1731 1523 nec
1745 1495 1777 1523 de
1792 1497 1878 1524 lodice
1895 1501 2007 1533 paranda

1350 1530 1503 1563 Antonitae,
1525 1539 1626 1565 currus,
1651 1538 1677 1558 et
1691 1541 1788 1566 eoum,
1809 1534 1941 1569 faciesque
1960 1537 2072 1565 deorum

1349 1566 1479 1600 Aspicere.
1700 1568 1755 1594 Vid.
1774 1568 1890 1596 Martial.
1906 1580 1938 1604 ¹4,
1961 1581 2006 1603 152.
2047 1593 2050 1599 .
2079 1574 2166 1603 Pollio
2179 1577 2249 1606 dixit

1191 1598 1240 1627 hos
1254 1599 1352 1628 lodices
1364 1608 1404 1636 ap.
1426 1601 1559 1635 Quinctil.
1575 1611 1593 1635 1,
1607 1605 1622 1628 6
1641 1610 1706 1629 extr.

1232 1643 1248 1662 L
1261 1643 1280 1664 O
1292 1643 1331 1663 DI
1345 1642 1362 1663 C
1375 1635 1397 1664 θ’
1407 1644 1422 1663 L
1433 1645 1470 1670 Λ,
1491 1646 1529 1663 ae.
1550 1638 1569 1664 f.
1610 1638 1714 1665 Dimin.
1751 1640 1956 1676 [ἓτεβλημᾶησν]
1986 1644 2055 1670 Suet.
2090 1645 2118 1671 in
2143 1648 2250 1681 August.

1193 1681 1214 1698 c.
1230 1679 1255 1704 83
1276 1674 1313 1699 Ita
1328 1678 1356 1699 vt
1372 1673 1399 1698 in
1412 1674 1539 1700 extremis
1554 1674 1644 1707 spatiis
1665 1674 1802 1701 subsultim
1822 1675 1991 1713 decurreret,
2012 1676 2137 1716 sesterio,
2155 1683 2199 1709 vel
2211 1683 2251 1711 loa

1193 1708 1281 1735 dicula
1299 1708 1447 1736 inuolutus.

1607 1747 1633 1780 L
1705 1749 1735 1780 Ο
1808 1749 1835 1780 Ε

1231 1823 1249 1843 1.
1260 1823 1280 1844 Ο
1290 1823 1307 1844 E
1324 1823 1343 1845 D
1358 1823 1377 1845 Ο
1387 1824 1408 1845 R
1420 1825 1431 1845 1
1446 1824 1469 1845 Α
1479 1838 1487 1851 ,
1512 1825 1551 1845 ae.
1579 1816 1598 1843 f.
1623 1817 1761 1853 [λοιδορία]
1793 1819 1946 1852 conuicium,
1969 1824 2139 1858 maleAEfflaem,
2166 1814 2251 1862 oppinio

1192 1852 1283 1887 briam,
1298 1854 1365 1888 sales
1378 1853 1516 1887 conuicirfi.
1590 1853 1711 1880 Macrob.
1726 1854 1827 1881 Saturn.
1851 1865 1863 1888 7
1888 1866 1910 1883 c.
1932 1867 1941 1888 3
1968 1859 2072 1886 Praeter
2090 1864 2251 1896 categoriam

1192 1897 1259 1922 quae
1273 1889 1309 1916 est
1327 1893 1410 1923 ψόγος,
1430 1895 1455 1916 et
1468 1895 1571 1924 praeter
1584 1888 1690 1920 &nassoan'v
1708 1897 1774 1924 quae
1789 1890 1887 1917 delatio
1903 1892 1949 1924 est,
1969 1895 2027 1921 sunt
2041 1896 2090 1923 alia
2111 1897 2163 1924 duo
2181 1899 2251 1933 apud.

1192 1925 1308 1951 Graecos
1322 1926 1441 1959 nomina,
1457 1924 1606 1957 'Loedoria‚
1625 1931 1651 1951 et
1665 1925 1797 1952 Scomma:
1825 1927 1921 1960 quihus
1942 1938 1989 1955 nec
2010 1932 2139 1959 vocabula
2158 1934 2251 1962 Latine

1191 1961 1314 1995 reperio,
1332 1961 1380 1988 nifi
1390 1962 1460 1988 forte
1474 1961 1543 1987 dicas
1565 1960 1726 1986 Loedoriani
1744 1962 1977 1994 exprobrationem
1999 1966 2048 1991 effe
2067 1967 2098 1992 ad
2119 1968 2251 1996 diree'lam

1189 1997 1390 2023 coutumeliam.
1465 1997 1585 2021 Scomma
1594 1996 1666 2019 enini
1675 2003 1758 2027 paene
1765 1995 1879 2021 dixerim
1888 1999 2005 2024 morsum
2021 2000 2170 2034 figuratum,
2185 2006 2250 2037 quia

1188 2031 1263 2061 saepe
1281 2030 1374 2053 fraude
1389 2029 1432 2053 vel
1454 2028 1603 2053 vrbanitate
1621 2028 1736 2061 tegitur,
1765 2036 1793 2055 vt
1812 2031 1883 2056 aliud
1903 2032 1990 2068 sonat,
2019 2036 2088 2062 aliud
2109 2037 2237 2073 innviga,

1187 2062 1229 2086 Est
1243 2066 1331 2087 autem
1341 2061 1480 2088 Loedoria
1495 2061 1663 2090 huiusmodi:
1702 2063 1844 2092 Oblitusne
1853 2075 1878 2092 es
1894 2076 1976 2101 quum
1990 2070 2140 2100 salsamenta
2153 2060 2250 2102 vende:

1191 2096 1254 2122 bas?
1296 2098 1356 2122 Vide
1366 2098 1444 2131 plura
1459 2097 1554 2123 ibidem.

1224 2138 1240 2158 L
1255 2138 1339 2158 OEM
1353 2138 1403 2159 OD
1417 2139 1469 2165 Rs,
1503 2133 1534 2159 lS.
1577 2133 1596 2160 f.
1633 2133 1783 2169 [λοιμώδης]
1810 2136 1912 2170 tSpect'et
1931 2139 1978 2164 luis
1994 2139 2125 2176 pestilens,
2151 2146 2249 2172 υοΙιιι-νὲ

1187 2167 1317 2194 velocitate
1329 2168 1423 2195 letalis.
1458 2168 1592 2195 Ammian.
1607 2169 1725 2195 Marcell.
1742 2178 1778 2202 19,
1794 2179 1816 2201 4.

1593 2238 1829 2283 ι1106

1223 2314 1240 2336 1.
1251 2315 1278 2350 ,Ο
1294 2314 1316 2336 G
1334 2308 1353 2336 ἓ
1366 2314 1389 2336 V
1407 2315 1433 2337 M
1444 2327 1452 2341 ‚
1477 2310 1497 2337 i.
1528 2318 1551 2337 11.
1587 2311 1718 2347 [λοφεῖον]
1745 2314 1873 2348 Pulpitum
1891 2317 2029 2352 fignificat.
2085 2320 2173 2349 Testis
2198 2326 2247 2353 Vi-

1185 2349 1291 2372 truuius
1324 2355 1345 2378 ς,
1364 2351 1377 2375 8
1398 2346 1559 2386 Minoreque
1574 2347 1712 2375 latitudine
1728 2349 1870 2385 pulpitum,
1891 2354 1963 2386 quod
1977 2354 2082 2389 logeum
2104 2360 2247 2394 appellant.

1222 2387 1239 2407 L
1252 2387 1272 2408 0
1283 2387 1304 2407 G
1313 2388 1333 2408 Ο
1345 2388 1357 2407 S
1370 2400 1377 2414 ‚
1398 2390 1416 2408 1.
1434 2391 1469 2409 m.
1489 2383 1595 2417 [Λόγος]
1613 2386 1682 2418 apud
1693 2385 1797 2411 Graecos
1811 2390 1876 2412 modo
1890 2390 1926 2413 Se.
1936 2399 2041 2418 monem.
2061 2395 2160 2420 vcrhum
2190 2406 2246 2422 ora.

1475 2420 1542 2444 modo
1560 2419 1696 2453 Rationem,
1713 2421 1902 2455 proportionem,
1917 2424 2123 2460 supputationem.
2161 2416 2246 2457 ’Nm-

1184 2461 1310 2486 nunquam
1335 2460 1359 2478 et
1389 2459 1435 2488 pro
1466 2453 1539 2480 Libro
1573 2454 1723 2489 ‘usurpatum
1764 2460 1790 2482 A
1818 2459 1890 2484 verbo
1915 2465 1993 2496 Λέγω,
2033 2465 2098 2497 quod
2121 2465 2156 2498 esl
2180 2468 2234 2493 ‘lig-0

1176 2488 1233 2528 stoc
1262 2488 1376 2529 colligo..
1431 2489 1535 2523 Logos,
1556 2499 1605 2524 pro
1627 2490 1707 2518 Dicto
1728 2491 1845 2519 ridiculo
1866 2500 1891 2521 et
1910 2499 2106 2525 contemnendo
2121 2488 2245 2531 sumitur?

1183 2523 1299 2564 Cim-pro
1307 2524 1407 2557 Gallio,
1417 2525 1472 2560 Ego
1485 2531 1510 2552 te
1519 2531 1592 2552 certo
1600 2526 1653 2553 scio
1662 2535 1755 2554 omncs
1763 2528 1846 2563 logos,
1855 2531 1901 2564 qui
1911 2531 1966 2557 ludi
1974 2531 2040 2559 diffi
2048 2535 2114 2568 sunt,
2122 2538 2163 2563 ani
2170 2539 2242 2565 mad-

1182 2559 1296 2585 vertiss'e.
1352 2562 1420 2586 Haec
1434 2561 1540 2588 Nonius
1555 2571 1573 2596 1,
1587 2568 1632 2594 318.
1669 2563 1739 2590 Ter.
1753 2564 1857 2591 Phorm.
1873 2575 1894 2599 3,
1912 2576 1933 2600 ε,
1951 2574 1964 2597 8
1984 2568 2159 2599 Foeneratum
2173 2574 2243 2602 istud

1182 2593 1343 2635 beneficium
1363 2595 1414 2622 tibi
1433 2596 1543 2631 pulchre
1565 2597 1643 2624 dices.
1684 2604 1716 2626 D.
1743 2600 1806 2634 logi.
1826 2601 1844 2627 i.
1864 2603 1954 2637 verba,
1976 2610 2154 2642 praetereaque
2167 2610 2243 2638 nihil,

1182 2630 1320 2658 Ridiculos
1335 2631 1409 2666 logos
1425 2632 1539 2659 vendere
1553 2633 1637 2661 Plaut.
1650 2634 1730 2661 Stich.
1745 2644 1763 2666 ι,
1776 2646 1796 2668 3,
1811 2640 1847 2666 ag.
1919 2640 1950 2663 In
1964 2640 2048 2665 bonam
2059 2648 2171 2676 partem.-
2191 2645 2242 2672 Re-

1181 2666 1323 2706 ferensque
1336 2676 1432 2702 paucos
1451 2667 1483 2694 de
1496 2668 1548 2695 tuis
1569 2669 1670 2705 scriptis
1691 2670 1784 2705 logos,
1810 2672 1888 2705 Quasi
1904 2673 1976 2700 labra
1994 2676 2072 2703 melle
2085 2678 2243 2714 adsperserit

1181 2702 1293 2729 Paullin.
1315 2703 1397 2730 Iamb.
1419 2703 1451 2730 ad
1465 2704 1573 2736 Cyther.
1589 2715 1617 2733 v.
1632 2714 1683 2738 4²5·
1699 2707 1824 2742 sedforte
1840 2709 1885 2743 leg.
1902 2709 1983 2737 locos.

1221 2744 1238 2763 L
1249 2745 1268 2765 Ο
1281 2744 1301 2764 G
1316 2745 1338 2766 A
1350 2745 1368 2765 R
1381 2746 1391 2765 1
1408 2745 1427 2766 V
1441 2747 1468 2767 M
1479 2760 1487 2773 ,
1507 2741 1525 2767 i.
1546 2750 1572 2767 11.
1592 2742 1749 2768 Ratiunrula.
1821 2743 1927 2778 leian.
1946 2745 1973 2772 in
1993 2745 2010 2773 I.
2024 2756 2035 2779 3
2057 2749 2110 2782 Qu·
2130 2759 2227 2785 penum

1184 2774 1208 2814 §.¹
1236 2783 1263 2800 10
1284 2774 1316 2801 D.
1337 2774 1368 2801 de
1388 2784 1458 2816 penu
1478 2776 1527 2811 leg.
1565 2777 1613 2804 Sed
1635 2783 1661 2804 et
1681 2777 1780 2804 chartas
1799 2778 1830 2805 ad
1844 2780 2030 2815 ratiunculam,
2051 2785 2093 2810 vel
2109 2786 2141 2812 ad
2155 2772 2240 2823 Loga:

1182 2818 1255 2836 rium
1267 2816 1368 2845 paratas
1383 2813 1524 2840 contineri.
1562 2814 1632 2839 Mere
1652 2814 1773 2839 Graecum
1791 2814 1902 2841 videtur.

1207 2853 1234 2886 *L
1245 2852 1263 2872 O
1273 2852 1294 2872 G
1304 2845 1344 2873 sc
1355 2853 1371 2873 Ε
1381 2868 1389 2880 ,
1408 2857 1447 2874 es:
1459 2848 1514 2880 stue
1534 2855 1550 2874 L
1560 2855 1579 2875 o
1589 2854 1610 2875 G
1623 2855 1633 2875 1
1645 2854 1663 2875 C
1676 2855 1696 2875 Α
1707 2868 1716 2881 ,
1734 2857 1772 2876 ae.
1794 2849 1813 2875 f.
1839 2850 1953 2886 [Λαγικιὶ]
1978 2853 2066 2880 Latine
2084 2856 2236 2885 Rationalis:

1181 2881 1237 2908 Cic.
1253 2881 1284 2908 de
1297 2882 1355 2909 Fin.
1371 2892 1389 2917 1,
1403 2892 1429 2909 22
1449 2884 1504 2910 Iam
1518 2883 1546 2910 in
1561 2884 1641 2911 altera
1654 2883 1839 2919 philosophiae
1852 2894 1934 2921 parte,
1957 2897 2022 2922 quae
2037 2889 2073 2916 est
2092 2893 2235 2925 quaerendi

1180 2926 1208 2944 ac
1223 2918 1372 2954 differendi,
1393 2928 1459 2953 quae
1473 2918 1556 2952 λυγικῆ
1578 2920 1685 2951 dicitur,
1705 2920 1752 2947 iste
1765 2921 1859 2954 vester,
1880 2923 1983 2949 vtinihi
1998 2925 2104 2959 quidem
2119 2928 2235 2960 videtur,

1179 2953 1258 2988 plane
1272 2954 1383 2981 inermis
1396 2964 1425 2981 ac
1438 2955 1522 2981 nudus
1535 2955 1580 2982 est.
1650 2955 1689 2982 ld.
1711 2955 1743 2982 de
1764 2956 1829 2983 Fato
1842 2967 1864 2985 c.
1887 2968 1893 2984 i
1922 2958 2039 2986 Obscura
2060 2964 2174 2995 quaestio
2187 2962 2234 2994 est,

1180 2998 1260 3023 quam
1282 2996 1332 3023 περ)
1346 2992 1446 3017 δυνατῶν
1460 2991 1563 3026 philoso
1574 2990 1612 3017 ahi
1626 2991 1766 3026 appellant,
1786 2999 1894 3028 totaque
1907 2995 1943 3021 est
1956 2995 2051 3029 Logice
2069 2997 2118 3028 (sic
2131 3007 2156 3022 m
2164 2997 2232 3022 iasii.

1179 3034 1236 3052 vum
1244 3025 1338 3059 fuerit,
1358 3026 1476 3060 quaestio
1490 3034 1583 3060 λογικη,
1599 3028 1749 3054 rationalis:
1769 3027 1815 3063 sed
1834 3030 1923 3065 Dauls.
1948 3031 2077 3064 Logicae)
2096 3040 2175 3065 quam
2189 3041 2231 3059 ra-

1178 3060 1280 3087 tionem
1294 3061 1434 3088 differendi
1448 3070 1525 3088 voco.
1598 3063 1669 3097 Conf.
1688 3062 1779 3090 Isidor.
1795 3073 1807 3090 2
1824 3073 1846 3091 c.
1861 3074 1887 3091 22
1906 3073 1930 3092 tt
1946 3075 1982 3097 24.

1214 3103 1231 3122 L
1244 3103 1264 3123 o
1275 3102 1296 3123 G
1308 3104 1316 3122 1
1328 3103 1345 3123 c
1359 3103 1381 3124 Α
1393 3119 1402 3131 ,
1421 3100 1510 3125 orum.
1530 3106 1557 3125 n.
1586 3099 1707 3133 [λογικὰ]
1736 3099 1791 3126 Cic.
1806 3100 1888 3126 Tusc.
1902 3111 1916 3132 4
1930 3109 1950 3126 c.
1965 3109 1987 3131 14
2008 3099 2096 3126 Habes
2107 3110 2146 3134 ea,
2161 3110 2229 3136 quae

1177 3131 1209 3158 de
1222 3132 1469 3166 pertuibationibus
1488 3133 1622 3161 enucleate
1643 3134 1773 3169 disputant
1793 3135 1889 3167 Stoici,
1912 3142 1978 3168 quae
1992 3134 2075 3170 logica
2088 3138 2230 3175 appellant,

1174 3169 1236 3202 quia
1249 3167 1409 3196 differuntur
1428 3169 1560 3197 subtilius.

1213 3210 1230 3229 L
1242 3210 1262 3230 0
1272 3209 1293 3230 G
1304 3212 1312 3229 1
1325 3210 1343 3231 c
1354 3211 1375 3231 V
1384 3210 1397 3231 s
1407 3225 1415 3238 ,
1436 3205 1456 3232 i.
1475 3215 1510 3232 m.
1548 3205 1602 3242 Qi
1615 3205 1717 3240 logicam
1730 3207 1804 3232 docet.
1846 3205 1902 3232 Vid.
1915 3205 2004 3232 Indor.
2018 3211 2041 3240 8,
2050 3208 2074 3233 6.
2094 3214 2118 3234 et
2137 3208 2227 3239 Sidon.

1175 3247 1207 3274 15,
1230 3249 1266 3266 ioi
1289 3240 1394 3272 Physica
1411 3241 1454 3268 vel
1469 3241 1563 3275 logice,
1578 3242 1694 3275 logicum
1708 3240 1749 3267 vel
1764 3240 1846 3268 mittit
1859 3240 1891 3267 ad
1905 3240 1988 3268 ethos.

1211 3282 1228 3302 L
1241 3281 1260 3302 ο
1274 3281 1295 3303 G
1310 3283 1319 3303 1
1332 3283 1345 3302 S
1355 3283 1377 3303 'r
1388 3283 1410 3304 Α
1420 3298 1428 3310 ,
1450 3285 1488 3304 ae.
1507 3286 1543 3303 m.
1563 3277 1694 3311 [Λογιςιᾷς]
1716 3277 1864 3308 Rationalis,
1882 3277 1925 3311 qui
1934 3276 2067 3303 reddendis
2087 3279 2226 3306 rationibus

1170 3312 1276 3348 praeest.
1314 3314 1383 3347 apud
1399 3314 1486 3340 letos.
1523 3314 1554 3338 Et
1565 3314 1592 3338 in
1608 3312 1666 3338 Vet.
1685 3312 1799 3346 inscript.
1820 3312 1894 3345 Hisp.

1212 3354 1229 3374 L
1244 3354 1264 3374 0
1274 3354 1295 3374 G
1308 3354 1317 3373 1
1331 3355 1344 3374 s
1355 3355 1406 3375 To
1416 3355 1434 3375 R
1446 3347 1485 3376 fc
1496 3355 1516 3373 v
1528 3355 1569 3378 M,
1588 3347 1607 3374 i.
1629 3356 1654 3374 n.
1676 3347 1852 3381 [λοφιςόρικσν]
1878 3346 1965 3380 Liber,
1985 3346 2122 3382 firmanum
2144 3357 2168 3376 et
2186 3350 2225 3375 di..

1173 3383 1263 3409 aarum
1275 3384 1408 3418 insignium
1421 3384 1592 3410 narrationem
1604 3384 1737 3409 continens.
1774 3382 1840 3408 Gell.
1853 3393 1877 3417 4,
1892 3392 1917 3415 ¹9
1934 3383 2038 3409 Marcus
2053 3385 2137 3410 Varro
2152 3385 2226 3412 inlo-

1171 3419 1298 3454 gistorico
1312 3419 1419 3453 scripsit.
1491 3420 1604 3446 Mercer.
1619 3417 1651 3446 ad
1669 3419 1739 3445 Non.
1751 3427 1775 3452 p.
1790 3426 1836 3450 207
1855 3417 2035 3452 Logistoricos
2045 3420 2172 3446 Varronis
2185 3421 2224 3446 „i-

1173 3455 1222 3481 Hos
1235 3455 1281 3490 ff
1289 3461 1365 3490 putat
1377 3455 1474 3481 libellos
1493 3456 1598 3480 minutos
1610 3464 1657 3487 eos,
1677 3455 1721 3488 qui
1732 3462 1777 3477 non
1792 3460 1821 3478 vt
1834 3454 1990 3487 Menippeae
2004 3455 2118 3480 baberent
2137 3457 2223 3490 versus

1172 3490 1305 3523 adnffme,
1320 3490 1487 3526 fidprosaici
1499 3491 1573 3525 gffim
1587 3491 1640 3523 tati,
1658 3496 1687 3514 vt
1709 3489 1787 3514 Catus
1802 3488 1844 3514 vel
1858 3489 1989 3515 deliberis
2003 3488 2143 3517 educandis
2154 3491 2223 3519 Gell.

1171 3536 1196 3559 4,
1213 3535 1246 3559 19.
1266 3533 1291 3552 et
1305 3535 1346 3559 20,
1362 3536 1391 3553 ιι.
1428 3527 1522 3552 Horum
1535 3525 1641 3561 respez‘lu
1659 3523 1747 3550 Sidon.
1768 3524 1847 3558 Epist.
1910 3526 2058 3551 vari-onem
2080 3526 2222 3560 Logistori.

1171 3571 1231 3588 cum
1248 3561 1312 3588 ficut
1324 3562 1489 3597 poposceras,
1506 3567 1532 3588 et
1545 3560 1682 3587 Eusebium
1694 3557 1925 3595 chronographum
1941 3560 2006 3586 mist.

1211 3604 1227 3624 L
1241 3604 1261 3624 0
1271 3604 1293 3624 G
1303 3604 1322 3624 0
1337 3604 1356 3625 D
1373 3605 1394 3625 Α
1407 3604 1424 3624 13
1435 3604 1453 3624 D
1468 3605 1490 3625 Α
1505 3604 1522 3624 L
1535 3604 1555 3622 V
1569 3603 1594 3628 s,
1616 3595 1633 3620 ὶ,
1647 3603 1681 3620 m.
1703 3594 1849 3629 Explicatur
1871 3596 1926 3622 Cic.
1939 3596 2077 3627 Ol‘at139c.
2090 3604 2112 3621 12
2131 3594 2218 3622 Thl'aoe

1170 3633 1332 3667 symachum,
1353 3633 1493 3669 Gorgiam,
1511 3630 1692 3659 Theodorum
1727 3644 1773 3650 ——
1788 3634 1954 3662 acrabaaaeaue
1974 3631 2085 3665 appellat
2099 3631 2125 3656 in
2141 3632 2219 3657 Phae-

1125 3679 1155 3706 95
1169 3670 1219 3696 dro
1232 3670 1362 3696 Socrates:
1398 3677 1512 3703 quorum
1533 3666 1589 3692 satis
1609 3671 1700 3700 arguta
1718 3666 1814 3701 multa,
1836 3665 1876 3692 sed
1892 3672 1920 3692 vt
1937 3668 2018 3692 modo
2040 3666 2154 3699 primuni
2175 3675 2216 3692 na-

1170 3705 1281 3737 scentia,
1300 3705 1418 3736 minuta,
1438 3711 1463 3730 et
1476 3700 1663 3729 versiculorum
1684 3701 1778 3728 similia
1797 3701 1942 3734 quaedam,
1962 3701 2128 3735 nimiumque
2147 3700 2218 3734 depi-

1169 3741 1219 3768 fla.
1292 3742 1355 3766 Sunt
1369 3750 1426 3775 ergo
1445 3736 1630 3772 Logodaedali‚
1649 3738 1756 3771 artifices
1773 3738 1872 3771 quidam
1879 3737 2005 3770 orationis,
2018 3737 2063 3771 sed
2070 3744 2146 3761 artem
2158 3744 2215 3760 non-

1170 3779 1226 3802 dum
1240 3774 1336 3809 diffiniit
1345 3777 1426 3807 Ἄπιος,
1436 3773 1601 3808 vqundsummi
1612 3773 1717 3807 artificis
1729 3771 1768 3808 est

1209 3818 1226 3837 1.
1239 3818 1259 3838 ο
1272 3817 1295 3839 G
1313 3819 1331 3837 o
1344 3817 1362 3837 n
1375 3817 1396 3837 A
1409 3817 1425 3836 E
1439 3816 1457 3836 D
1469 3815 1488 3833 Α
1501 3814 1517 3834 L
1530 3813 1540 3834 1
1555 3815 1575 3835 Α
1585 3828 1593 3841 ,
1613 3815 1652 3835 ae.
1674 3807 1693 3833 f.
1713 3807 1915 3841 [onyasmaam]
1935 3805 2117 3840 Nimimpernsa
2125 3804 2213 3843 sei-mo.

1006 3849 1107 3875 Domus
1117 3853 1163 3872 ¹00
1171 3847 1209 3873 nis
1223 3847 1362 3873 elaboratio.
1401 3845 1496 3871 Auson.
1509 3842 1603 3875 Eidyll.
1620 3853 1640 3870 12
1656 3851 1697 3878 pr.
1713 3842 2018 3877 Elogodaedaliassrides
2028 3840 2105 3866 inodo
2120 3847 2215 3872 quini-

1169 3883 1254 3910 rnium
1269 3889 1336 3909 trux.
1373 3882 1441 3906 Add.
1461 3879 1499 3905 Id.
1513 3879 1589 3914 Epist.
1608 3888 1644 3912 14,
1657 3881 1696 3905 26.
2068 3909 2073 3915 ¹
2198 3910 2203 3915 ⁵

1210 3925 1226 3945 1.
1241 3925 1260 3946 0
1274 3924 1294 3944 G
1307 3923 1326 3942 ο
1338 3921 1359 3942 G
1372 3921 1391 3941 R
1404 3921 1426 3941 A
1439 3922 1454 3941 Ρ
1468 3920 1489 3940 Η
1499 3922 1520 3940 V
1531 3922 1543 3942 s
1555 3932 1563 3946 ‚
1585 3915 1603 3941 i.
1621 3925 1656 3941 m.
1694 3914 1862 3948 Rationarius,
1874 3914 1918 3948 qui
1930 3913 2004 3937 tito-05
2020 3916 2140 3935 rationum
2148 3909 2213 3944 scri.

1171 3955 1220 3985 bit3
1240 3962 1263 3980 et
1280 3952 1323 3987 qui
1335 3953 1360 3976 in
1374 3951 1473 3976 tubulas
1485 3952 1591 3985 passiam
1607 3951 1697 3983 refert,
1717 3958 1779 3983 quoe
1792 3951 1826 3973 ad
1837 3960 1887 3974 rem
1898 3947 2017 3986 postlla-am
2030 3944 2127 3984 refert.⁴
2159 3946 2213 3984 Vid,

1171 3990 1236 4017 Cod.
1249 3989 1295 4015 lib.
1312 3996 1339 4014 10
1360 3992 1378 4013 t.
1398 3989 1428 4020 69
1450 3986 1480 4012 de
1495 3986 1663 4022 Tabulariis,
1681 3984 1773 4013 scribis
1784 3982 1968 4020 logographis,
1987 3986 2032 4006 tte.
2105 3981 2137 4006 kt
2153 3980 2214 4014 Dig.

1320 4059 1339 4090 P
1359 4067 1372 4087 a
2117 4055 2216 4084 tora,
