2517 4231
65 213 126 253 713
461 196 490 238 P
571 197 610 238 A
692 196 724 237 R
1579 196 1622 242 Pv
1691 196 1752 272 A.
1811 197 1844 237 R
1998 213 1999 216 ’
2172 221 2240 260 7¹4

63 289 120 317 Cic.
134 288 162 315 in
175 288 250 314 Orat.
266 292 304 317 82·
376 286 449 314 Idem
463 287 541 314 Verr.
555 296 580 320 4,
591 295 619 319 42
645 285 723 314 Nihil
742 284 791 312 erle
811 282 883 320 quod
897 283 1036 324 quisquam
1051 289 1121 319 puta·
1182 291 1235 312 tem
1251 284 1326 312 fnisse
1341 284 1498 312 meministis
1529 286 1601 313 Idem
1617 287 1695 314 Catil.
1712 297 1722 320 3
1742 296 1763 314 c.
1778 292 1801 318 8.
1874 287 1921 315 Te
1935 298 2028 324 paruus
2044 294 2122 322 lituos
2134 302 2159 324 et
2174 298 2244 327 bella

64 325 157 357 tetse,
177 323 248 358 quod
263 323 306 349 isti
319 322 398 358 paulo
411 322 494 358 magis
508 323 636 357 placeret,
657 321 829 353 conseruare,
850 325 893 346 aut
913 319 986 346 donn
1006 321 1121 347 retinere
1181 322 1335 355 loquentem
1374 323 1488 364 Miretur
1521 323 1720 363 ¹V.³1.1³1acc.1‚
1738 326 1795 358 269.
1832 359 1838 364 .
1881 359 1886 363 Ι
1905 325 2000 364 Parui,
2021 329 2135 363 femina,
2158 334 2242 367 plebs,

65 361 142 397 posse.
215 359 295 386 Paulo
311 358 403 393 magis,
422 366 467 394 pro
482 359 601 385 Nimium.
618 393 623 398 ι
641 358 697 398 Cic.
711 355 744 383 de
757 356 826 382 Clar.
842 356 918 382 Orat.
926 362 958 395 *83
985 357 1014 382 Et
1030 356 1123 383 luben·
1182 365 1278 391 eques,
1299 357 1400 384 senatus
1427 359 1489 385 Stat.
1502 358 1568 401 Silu.
1581 369 1599 394 1,
1612 361 1636 393 6,
1651 370 1688 392 11⁴1-
1807 359 1935 400 L1qu1st1s
1953 370 2099 397 paruosque
2116 368 2240 404 senesque

65 403 105 424 ter
117 393 206 423 verbis
222 394 302 421 etiam
321 395 361 421 vti
382 393 462 429 paulo
480 394 563 428 magis
583 394 683 429 prisc1s.
779 391 860 418 Paulo
880 400 982 418 111a1ora
999 401 1121 419 canamus
1182 393 1256 419 Idem
1270 392 1362 420 Theb.
1378 404 1400 425 7,
1415 403 1468 421 520.
1538 397 1592 423 1'111.
1607 396 1694 421 Barth.
1709 395 1818 423 adstat.
1831 396 1895 422 S1lu.
1913 405 1937 430 p.
1954 406 1991 425 152
2009 398 2061 432 seq.
2132 404 2241 432 [numni

64 431 141 468 virg.
155 429 206 458 Ecl.
221 438 249 463 4,
265 439 283 456 1.
355 431 412 458 Cic.
425 438 475 465 Pro
489 431 584 464 Quint.
600 439 617 455 ιι
649 429 714 455 Sane
729 433 893 454 caeterarum
908 436 996 454 rerum
1012 429 1121 463 patert'a-
1140 429 1153 456 5
1182 427 1260 467 parui
1285 428 1354 456 Hor.
1370 430 1458 455 Carni.
1474 439 1495 463 3,
1510 436 1544 463 18,
1563 440 1581 462 3.
1653 431 1743 457 Animi
1758 432 1834 464 parui
1855 431 1893 458 Id.
1908 432 1987 468 Epist.
2002 442 2019 465 1,
2034 442 2068 467 17,
2081 445 2120 467 4ο.
2194 441 2241 466 Be-

63 468 150 495 minas
171 471 197 492 et
218 466 332 501 prudens
352 472 378 493 et
396 472 526 500 attentus,
563 473 612 492 vna
633 463 662 490 in
683 471 711 490 re
731 463 810 498 paulo
830 462 917 489 minus
936 464 1121 491 consideratus
1181 463 1307 489 neficunn
1321 473 1374 490 non
1390 474 1500 498 paruum
1515 467 1590 494 suuni
1603 475 1815 494 commemorare
1848 468 1904 495 Cic.
1923 477 1972 504 pro
1993 469 2099 496 Caecin.
2117 474 2146 497 26
2167 484 2188 500 c.
2204 485 2240 502 10.
2258 498 2261 502 .

64 503 112 530 Sed
123 502 202 530 Paulo
216 502 314 535 minus,
322 508 374 537 ‘pro
383 504 568 537 Propemodum,
577 500 620 526 vel
629 506 714 535 paene.
771 499 840 526 Suet.
850 499 948 526 Tiber.
963 509 1021 534 039
1042 499 1121 533 Qiasi
1182 499 1307 535 Carmen,
1331 500 1348 525 i.
1371 502 1468 526 ll.›.‹,1is.·
1490 503 1556 528 Hor,
1574 502 1652 537 Epist
1666 512 1688 534 2,
1704 513 1720 536 1,
1734 512 1787 536 257.
1882 504 2053 532 Consuetudo
2075 506 2144 533 Ter,
2160 510 2241 537 Andr·

65 547 150 574 neque
165 537 300 565 rediturus
314 546 447 572 mquam,
467 542 492 564 et
507 536 562 563 cito
577 540 691 562 mortem
705 535 784 562 etiam
799 535 937 571 obiturus,
958 535 1029 571 quod
1043 535 1122 570 paulo
1182 543 1202 567 1,
1217 544 1235 570 1,
1250 541 1287 567 >³3-
1360 536 1466 571 Corpus
1487 538 1554 564 Hor.
1569 538 1647 573 Epist.
1663 549 1681 573 1,
1697 546 1732 574 17,
1746 548 1786 571 4ο.
1857 538 1904 574 Di,
1920 547 1966 576 pro
1983 542 2040 567 Diis
2052 543 2183 577 penatibus
2204 546 2243 572 Id.

65 575 152 601 minus
165 579 309 608 vtrumque
321 574 421 607 euenit,
440 574 458 599 ι’.
471 580 559 608 parum
573 571 665 604 abfuit,
679 570 740 605 quin
753 573 870 597 cueniret.
944 573 1013 599 Suet.
1021 571 1121 598 Tiber.
1182 571 1276 609 Carnu
1287 579 1306 603 3,
1320 580 1354 603 23,
1372 581 1402 599 15.
1476 573 1624 600 Discrimen
1646 575 1721 608 Virg.
1731 576 1795 602 Aen.
1809 585 1830 608 3,
1843 578 1900 606 685.
1972 576 2098 605 Diffenfio
2111 577 2181 605 inter
2195 589 2244 607 nos

15 615 19 619 '
65 610 134 637 Caes.
149 619 170 636 c.
180 611 209 636 26
231 610 333 636 Verum
347 610 473 637 liberatus
486 614 567 639 metu,
587 606 695 633 ciuilem
711 607 735 633 se
747 606 890 634 admodum
906 607 975 634 inter
988 607 1075 640 initia,
1095 615 1123 633 ac
1141 610 1169 628 ¹0
1183 606 1219 632 est
1246 607 1302 632 C1c.
1315 606 1347 633 de
1360 606 1452 640 Legib.
1468 617 1487 639 1,
1502 614 1524 637 8.
1597 610 1758 636 Exercitatio
1772 620 1825 638 non
1840 621 1931 646 parua,
1951 613 2005 639 vid.
2025 619 2048 640 N
2060 619 2079 640 0
2090 620 2110 640 Ν
2133 616 2245 642 Λιίηῃῄ,

63 645 143 681 paulo
155 645 244 672 minus
260 655 338 680 quam
352 647 484 680 priuatum
498 643 568 677 egit,
590 643 608 668 i.
624 650 715 678 parum
727 642 827 677 abfuit,
842 643 902 678 quin
914 644 1049 678 priuatum,
1069 650 1124 668 tan-
1183 641 1386 676 'Fcr.E1111.1‚2,
1397 651 1429 676 117
1451 644 1494 670 Mc
1508 644 1640 680 miseram,
1655 646 1762 672 forsitan
1776 647 1820 673 hic
1835 648 1904 674 mihi
1917 657 2026 682 paruam
2039 648 2246 685 habeafflfflem,

62 689 114 708 tum
128 691 175 707 non
186 682 323 716 priuatum.
361 681 406 707 Gr.
424 680 496 712 μικρέ
510 682 563 704 διῖυ.
653 679 733 706 Paulo
750 687 830 714 mox,
850 679 957 711 Statim,
977 688 1028 704 cum
1043 685 1123 714 paruo
1183 678 1208 704 h.
1221 688 1240 704 e.
1262 678 1337 703 Nolct
1351 679 1412 703 mjsri
1425 681 1531 706 tressi—re.
1576 683 1623 707 Al.
1640 682 1743 709 Parum.
1818 683 1900 710 Filius
1914 685 1982 711 male
1995 694 2101 719 paruus,
2122 687 2247 720 Nimium,

26 722 27 729 ¹
63 716 202 744 interualla.
257 717 323 745 Plin.
344 717 375 743 Et
387 714 466 750 paulo
480 722 543 740 mox
558 713 713 741 calefactum
727 715 833 742 vulneri
848 713 1010 748 imponatur.
1082 713 1123 740 15st
1183 721 1206 739 ct
1219 723 1271 739 cum
1285 713 1445 753 defluxu-{exte
1457 721 1550 748 paruus
1581 715 1649 742 Hor.
1665 717 1748 744 Serui.
1764 726 1782 748 1,
1800 727 1824 750 3,
1838 728 1879 752 45.
1956 721 2074 748 Infantes
2107 723 2210 749 Lucret.
2226 733 2248 756 1,

63 759 151 782 autem
165 745 323 787 magnopere
337 751 487 786 pertinens,
507 750 569 776 s1c11t
583 750 661 784 paulo
675 759 738 778 mox
751 749 905 778 docebimus
938 750 1011 776 Idem
1031 755 1073 779 18,
1087 755 1122 779 28·
1185 755 1231 782 ¹87.
1303 750 1443 789 Ingemuni
1463 750 1528 777 l'liu.
1543 751 1621 786 Epist.
1635 753 1660 784 6,
1676 761 1714 783 29.
1784 753 1842 780 Cic.
1857 755 1888 781 de
1904 756 1995 789 Legib.
2014 767 2031 789 1,
2047 765 2074 792 17
2093 759 2152 785 Iloc
2164 758 2247 786 ciuile

62 788 145 816 Paulo
157 789 271 815 nimium
283 785 455 814 redundantia
469 786 549 812 verba
571 787 625 812 Cic.
637 786 668 812 de
683 788 756 814 Orat.
764 791 832 818 2‚88.
894 785 1020 812 Nimium
1034 784 1124 819 paulo,
1143 791 1168 817 ¹3
1183 785 1256 819 quod
1270 784 1400 818 dicimuS,
1423 795 1449 811 in
1470 795 1580 820 paruum
1601 787 1732 821 quendam
1751 796 1776 815 et
1797 792 1935 823 angustum
1949 793 2049 819 Locum
2064 794 2248 822 concludatur.

61 824 118 851 vid.
140 830 164 851 N
176 831 186 850 1
196 831 221 851 M
232 830 241 849 1
253 829 275 850 S.
347 822 502 849 Omissiores
517 823 596 856 paulo
609 822 642 850 ab
656 831 685 849 re
711 822 780 849 Ter.
795 820 842 847 Ad.
856 829 878 853 5,
892 829 913 853 3,
928 828 968 852 45.
1042 821 1123 846 Paulo
1185 821 1319 847 Mercedes
1341 822 1410 847 Hor.
1420 822 1501 848 Serm.
1515 831 1535 855 1,
1548 826 1572 856 Α,
1582 826 1623 852 >ssu
1696 824 1809 850 Munera
1830 826 1902 852 Idem
1917 828 2006 856 Carni.
2022 839 2039 863 1,
2053 835 2090 862 ΞΒ,
2105 840 2124 862 3·
2180 830 2249 858 Νὸῐὶ

61 859 120 894 plus
133 859 225 886 audire
237 857 270 885 de
285 857 372 893 aliqua
386 864 442 885 arte
468 859 570 885 Auctor
583 859 614 884 ad
630 859 747 885 Herenn.
766 867 792 891 4.
899 856 979 882 Paulo
993 855 1081 890 plures
1095 857 1124 882 in
1185 857 1258 883 Idem
1272 857 1338 883 ibid.
1352 868 1373 890 3,
1389 868 1412 891 ς,
1427 867 1464 889 42.
1539 858 1672 885 Nauicula
1697 859 1754 886 Cic.
1768 861 1825 894 post
1839 861 1926 888 Redit.
1940 862 1971 889 ad
1985 865 2063 902 Qir.
2077 874 2121 893 20.
2194 867 2250 894 Ne0

61 893 156 922 Scn'atu
170 893 316 921 maleuolos
330 894 389 927 esse,
409 903 488 928 quam
501 901 589 929 gratos
603 894 719 929 cognoui
739 893 796 920 Cic.
808 891 921 924 Fam.15,
940 901 967 918 11.
1042 892 1122 920 Paulo
1184 900 1259 928 potes
1288 894 1362 927 Virg.
1380 893 1478 928 Georg.
1494 903 1515 928 2,
1531 904 1579 927 514.
1672 895 1773 922 Odoris
1789 897 1865 931 parui
1878 906 2031 932 amomum,
2058 902 2080 927 ly.
2095 911 2114 928 ι’.
2133 901 2249 928 hubi-eills·

61 930 182 966 pluribus
195 940 209 956 e
224 929 343 965 partibus
364 931 470 956 Lucret.
485 939 508 963 2,
521 935 579 964 485.
652 928 730 956 Haud
743 927 823 964 paulo
837 928 905 962 plus,
926 928 979 954 vid.
1000 934 1020 953 H
1030 934 1052 954 A
1064 934 1082 953 v
1094 935 1122 954 D.
1184 937 1207 954 et
1220 929 1294 964 [muci
1323 930 1390 955 Plin.
1407 937 1442 962 ¹2,
1460 940 1490 961 ¹3·
1564 931 1727 966 Opusculum
1754 932 1810 959 Cic.
1825 933 1853 959 in
1868 933 1955 961 Parad.
1971 944 1988 961 1.
2062 937 2181 964 Pisi-iculi
2208 938 2249 965 Id.

62 963 121 995 Plus
135 966 214 1001 paulo
229 966 273 993 vbi
289 965 392 992 adbibit
418 966 486 992 Ter.
501 967 595 992 Heaut.
610 974 633 999 2,
648 974 665 997 1,
680 970 702 994 8.
775 963 831 990 Cic.
846 962 877 990 de
892 964 954 991 Nat.
969 964 1050 990 Deur.
1063 973 1083 997 1,
1094 973 1122 993 30
1137 969 1171 987 20
1185 965 1216 990 de
1231 965 1292 991 Nat.
1306 966 1389 992 Deor.
1404 974 1426 995 Ξ,
1442 975 1487 998 123.
1562 967 1652 994 Pretio
1665 976 1749 1001 paruo
1763 977 1819 994 rem
1835 969 1953 1004 aliquam
1967 971 2082 998 vendere
2096 980 2122 1000 et
2134 974 2251 1001 alienare

50 1001 168 1036 'Deque
183 1002 269 1028 dicam
282 1002 407 1036 equidem
420 1002 501 1038 paulo
514 1001 577 1035 post.
650 999 731 1027 Paulo
744 998 813 1034 post,
829 1006 875 1034 pro
889 1001 966 1025 Paulo
978 999 1062 1033 infra,
1082 1001 1125 1025 vel
1184 1000 1258 1028 Idem
1277 1002 1353 1027 Verr.
1369 1011 1392 1035 4,
1409 1010 1445 1033 134
1467 1011 1487 1029 c.
1502 1004 1546 1030 60.
1619 1003 1697 1029 Pueri
1728 1004 1796 1031 Hor.
1811 1004 1889 1039 Epist.
1904 1015 1923 1039 1,
1935 1015 1959 1039 7,
1975 1015 2007 1039 17.
2080 1009 2131 1035 Res
2145 1009 2180 1035 cst
2194 1018 2251 1036 non

37 1040 45 1051 ³
61 1038 140 1066 Paulo
153 1038 242 1064 minus.
296 1038 368 1064 Hirt.
382 1038 414 1065 de
426 1038 489 1065 Bell.
504 1037 577 1064 Alex.
598 1045 619 1064 c.
632 1044 658 1062 21
679 1036 738 1062 Hoc
752 1035 854 1070 praelio
869 1034 1004 1062 desiderati
1021 1036 1078 1062 sunt
1091 1044 1123 1061 ex
1185 1046 1267 1070 parua
1299 1037 1375 1071 Virg.
1397 1037 1450 1064 Ecl.
1466 1046 1489 1070 3,
1503 1048 1539 1071 54.
1615 1039 1687 1065 Rura
1721 1040 1790 1066 Hor.
1806 1041 1896 1067 Carm.
1912 1051 1933 1075 2,
1950 1044 1985 1076 16,
1997 1052 2033 1076 37.
2107 1046 2251 1081 Aquinius,

45 1081 175 1101 ·numero
189 1070 400 1106 legionariorum
419 1073 535 1099 militum
557 1072 662 1099 circiter
682 1071 884 1107 quadringenti:
921 1077 946 1098 et
966 1071 1046 1106 paulo
1066 1071 1124 1106 post
1185 1072 1269 1099 homo
1284 1082 1381 1105 nouus,
1399 1081 1495 1107 paruus
1510 1075 1621 1101 Senator
1643 1075 1715 1102 Hirt.
1730 1076 1761 1102 de
1775 1076 1804 1102 B.
1819 1077 1876 1103 Afr.
1894 1086 1915 1104 c.
1930 1087 1967 1110 57.
2041 1079 2148 1107 Sodales
2162 1089 2251 1116 partu,

47 1117 122 1137 'eum
136 1107 277 1136 numerum
292 1109 409 1136 classiarii
422 1114 448 1135 et
460 1107 590 1144 remiges,
616 1108 635 1134 i.
656 1108 822 1142 Aliquantum
833 1108 967 1142 pauciores.
1041 1108 1123 1134 Paulo
1185 1118 1231 1134 mm
1244 1116 1429 1143 praepotentes,
1447 1117 1493 1136 aut
1509 1110 1611 1146 superbi
1633 1111 1715 1136 titulis
1735 1119 1760 1137 et
1780 1113 1931 1148 imaginibus
1963 1114 2030 1141 Hor.
2047 1116 2126 1150 Epist.
2145 1126 2164 1150 1,
2179 1127 2201 1150 7,
2215 1123 2251 1148 58.

59 1145 118 1181 post
130 1146 214 1180 magis
235 1145 316 1173 Plaut.
332 1144 419 1172 Pseud.
434 1153 451 1176 1,
467 1153 487 1177 3,
504 1146 555 1176 146.
649 1144 708 1170 Post
725 1143 821 1178 paulo,
835 1150 881 1178 pro
896 1144 974 1169 Paulo
984 1143 1035 1179 post
1056 1144 1123 1169 Hor.
1141 1154 1172 1180 25
1184 1145 1274 1171 chta
1299 1146 1388 1172 Senec.
1405 1145 1515 1181 Hippol.
1533 1155 1553 1172 2.
1630 1147 1770 1182 Tempore
1786 1157 1870 1182 paruo
1896 1149 2001 1176 Luci-ct.
2019 1160 2039 1185 τ,
2055 1161 2105 1184 107.
2180 1152 2250 1180 Vrbs

60 1181 141 1216 Epist,
156 1190 176 1215 1,
189 1184 214 1215 6,
225 1190 249 1215 3,
321 1180 378 1207 1²0st
392 1180 472 1215 paulo
483 1180 622 1215 elegantius
635 1179 690 1214 ff,
702 1181 772 1206 docet
786 1178 893 1206 Gronau.
906 1181 941 1204 ad
953 1179 1013 1206 Liu.
1030 1189 1067 1213 22,
1079 1182 1123 1207 60.
1184 1181 1259 1216 Virg.
1279 1182 1344 1208 Aen.
1355 1191 1377 1213 3,
1392 1185 1445 1214 276.
1553 1183 1666 1209 Vsuram
1685 1192 1794 1218 paruam
1813 1185 1903 1217 exigui
1921 1188 2047 1220 temporis
2061 1187 2145 1214 bonae
2159 1188 2191 1215 de
2207 1197 2250 1215 nie

60 1218 94 1244 Et
108 1218 192 1245 Burm.
205 1219 240 1243 ad
251 1216 384 1249 Quinctil.
399 1225 425 1250 2,
438 1225 450 1247 5
460 1222 502 1252 pr.
576 1215 658 1242 Plant.
677 1216 748 1242 Men.
762 1224 790 1249 4,
803 1225 826 1248 3,
841 1222 858 1250 7
887 1214 959 1241 Tibi
974 1215 1037 1242 dedi
1049 1215 1124 1250 cqui—
1185 1217 1324 1251 opinionis
1336 1217 1451 1252 postulo,
1470 1224 1499 1244 vt
1514 1227 1582 1251 eam,
1596 1219 1612 1244 si
1626 1228 1693 1253 quae
1707 1219 1812 1253 dixero,
1822 1220 1901 1247 vobis
1915 1222 2046 1257 probabo,
2066 1231 2194 1258 perpetuo
2210 1234 2250 1251 re-

60 1252 121 1280 dcm
133 1253 216 1286 illam,
233 1252 264 1279 ad
278 1251 454 1287 phrygionem
470 1257 499 1278 vt
513 1251 608 1286 serres,
625 1252 704 1285 paulo
717 1252 799 1286 prius.
873 1251 930 1277 Cic.
940 1252 992 1278 Att.
1006 1258 1029 1285 8,
1044 1261 1067 1278 12
1088 1252 1124 1278 Vt
1184 1253 1290 1279 micatis
1319 1253 1375 1281 Cic.
1389 1253 1420 1280 de
1435 1255 1504 1289 Lege
1519 1256 1610 1289 Agrar.
1625 1263 1646 1287 3,
1663 1264 1685 1282 2.
1922 1255 1943 1294 q
1973 1266 1989 1284 2
2048 1261 2251 1294 obseruationes.-

60 1297 116 1316 non
129 1289 216 1315 solum
228 1287 347 1323 gloriosis
359 1287 473 1314 consiliis
486 1294 604 1322 Vtamur,
619 1288 663 1315 sed
677 1287 756 1315 etiam
773 1287 851 1323 paulo
864 1286 1023 1314 salubribus.
1084 1288 1124 1313 Sic
1183 1289 1300 1322 Paruus,
1317 1297 1364 1324 pro
1383 1291 1467 1316 Breut'.
1541 1291 1612 1316 Ter.
1631 1291 1713 1317 Andr.
1730 1300 1749 1323 1,
1765 1301 1784 1324 ι,
1799 1298 1825 1323 83
1858 1291 1899 1319 Sic
1921 1294 2087 1329 cogitabam,
2108 1295 2186 1329 hem,
2206 1296 2251 1322 hic

59 1325 137 1352 MSS.
157 1323 355 1351 Salubrioribus
374 1323 430 1359 vsus
448 1325 514 1350 alius
530 1323 655 1359 postulare
674 1324 793 1356 videtur,
813 1331 838 1350 et
855 1333 884 1349 ea
903 1333 942 1350 res
964 1324 1046 1350 mouit.
1053 1324 1125 1358 forte
1140 1335 1172 1359 30
1185 1334 1281 1359 paruae
1293 1326 1492 1352 consuetudinis
1506 1326 1579 1353 causa
1593 1333 1708 1353 mortem
1722 1327 1801 1354 huius
1815 1328 1868 1354 fert
1881 1334 1934 1355 tarn
1947 1329 2129 1358 familiariter.
2199 1331 2252 1363 Sic,

59 1358 224 1392 Munatium,
242 1368 272 1386 vt
278 1360 318 1393 stc
329 1361 421 1388 ederet.
494 1361 544 1386 Sed
554 1355 629 1385 {tiam
642 1359 713 1386 Ter.
725 1360 822 1386 Heaut.
838 1368 858 1392 1,
876 1368 898 1393 2,
911 1368 934 1392 31
960 1360 1064 1393 Paulo,
1076 1359 1125 1395 qui
1185 1362 1295 1388 Paruam
1314 1362 1420 1389 nofieni
1439 1363 1509 1388 dixit
1536 1363 1634 1390 Lucan.
1648 1374 1670 1396 4,
1684 1365 1729 1396 476
1743 1371 1768 1389 et
1781 1369 1834 1395 528.
1907 1365 1948 1402 1:st
1967 1373 1991 1391 et
2003 1368 2046 1391 vbi
2056 1374 2101 1402 pro
2116 1369 2208 1393 Parum
2220 1368 2252 1393 ab

58 1395 96 1423 est
108 1395 191 1422 homo
205 1394 361 1422 tolerabilis.
431 1396 497 1423 Non
510 1395 591 1431 paulo
603 1395 749 1430 sapientior
764 1395 871 1429 seruus,
891 1398 910 1422 s.
931 1396 1014 1422 Multo
1024 1395 1124 1431 sapien.
1186 1399 1264 1423 eodem
1283 1398 1399 1433 ponitur,
1424 1406 1454 1423 vt
1483 1410 1515 1431 4,
1536 1407 1579 1432 239
1612 1399 1639 1426 Si
1656 1399 1761 1426 torrida
1782 1409 1879 1434 paruus
1938 1402 2018 1428 Venit
2038 1403 2065 1432 in
2085 1411 2134 1429 ora
2154 1411 2252 1437 cruor,

57 1432 110 1458 tior
134 1432 202 1458 Hor.
217 1432 299 1459 Serm.
313 1441 335 1465 2,
349 1441 371 1466 3,
385 1434 441 1465 265.
551 1431 609 1460 Cic.
623 1432 655 1458 de
669 1432 744 1459 Orat.
759 1441 779 1465 3,
793 1439 835 1467 ¹17
869 1431 966 1458 Eadem
978 1432 1051 1458 enim
1065 1431 1124 1458 sunt
1185 1433 1297 1459 redeunt
1311 1434 1452 1467 rabiesque
1466 1434 1607 1468 furorque.
1665 1436 1762 1462 Paruus
1776 1444 1867 1469 cruor,
1887 1437 1905 1463 i.
1922 1438 2015 1463 Parum
2029 1440 2132 1465 crum-ii.
2191 1439 2252 1465 Par-

57 1466 181 1494 membra
199 1467 228 1493 in
249 1466 368 1501 Vtrisque
386 1467 624 1504 disputationibus,
645 1466 688 1493 sed
707 1468 786 1502 paulo
806 1468 876 1494 secus
889 1477 904 1494 a
917 1477 976 1500 me,
996 1474 1075 1503 atque
1090 1466 1124 1494 ab
1184 1478 1274 1503 voque
1295 1469 1361 1496 latire
1381 1470 1466 1504 pastus
1489 1470 1542 1505 est,
1579 1479 1627 1504 per
1645 1479 1725 1505 quem
1736 1480 1784 1498 nec
1799 1471 1853 1498 ales
1866 1473 1948 1500 esurit
1985 1474 2071 1501 Sedul.
2087 1474 2119 1500 de
2133 1473 2251 1501 Christo.

57 1502 108 1530 illo
123 1503 220 1538 partita
233 1511 262 1529 ac
275 1503 424 1530 distributa.
498 1503 622 1530 Tardior
635 1503 714 1538 paulo
743 1504 810 1531 Hor.
823 1503 855 1530 de
870 1505 934 1530 Arte
948 1504 1021 1531 Poet.
1038 1513 1088 1535 257.
1140 1512 1169 1538 35
1186 1505 1263 1531 Parui
1277 1512 1299 1531 et
1316 1506 1402 1540 Ampli
1412 1527 1420 1539 ,
1441 1513 1497 1542 appo
1510 1507 1542 1532 rti
1568 1507 1638 1533 Hor.
1653 1507 1733 1542 Epist.
1750 1518 1767 1540 1,
1781 1518 1801 1540 ς,
1819 1515 1857 1538 28·
1931 1511 1972 1535 De
1990 1520 2018 1535 re
2034 1510 2123 1536 nullius
2136 1511 2252 1536 momenti

97 1545 114 1566 Ρ
129 1545 152 1566 Α
164 1545 186 1567 V
198 1546 215 1566 L
227 1537 273 1566 ὔῐ.
285 1545 306 1564 v
318 1546 353 1566 M.
390 1539 458 1566 Adu.
496 1540 553 1574 [ἐπὶ
568 1538 664 1573 μικρὸν,
685 1543 749 1573 παρὰ
764 1538 861 1573 μιχθὲν,
879 1541 994 1575 μίνυνθα]
1021 1539 1124 1568 Dimin.
1186 1541 1252 1567 Plin.
1270 1541 1297 1567 in
1312 1542 1405 1576 Paneg.
1423 1552 1444 1568 c.
1460 1551 1488 1575 45
1522 1542 1601 1569 Nihil
1621 1550 1681 1569 ante
1695 1550 1748 1569 tam
1761 1544 1884 1578 vulgare,
1908 1551 1962 1571 tam
1982 1554 2094 1581 paruum
2113 1546 2141 1572 in
2156 1546 2252 1573 Senatu

56 1584 74 1602 n
89 1574 210 1602 Paulum.
282 1575 353 1602 Ter.
366 1575 480 1610 Adelph.
497 1586 520 1608 5,
533 1581 557 1610 8,
572 1585 599 1608 27
634 1573 718 1609 Agelli
731 1575 775 1602 hic
789 1574 836 1602 sub
850 1575 916 1602 vrbe
929 1575 965 1601 cst
978 1575 1125 1611 paululum,
1185 1576 1319 1611 agebatur,
1334 1584 1362 1604 vt
1376 1587 1432 1604 non
1446 1578 1568 1605 laudibus
1581 1579 1732 1613 principum
1747 1579 1949 1608 immoraretur.
2023 1583 2108 1609 Paruo
2122 1584 2252 1617 apponitur

57 1610 130 1645 quod
146 1611 237 1638 locitas
254 1611 336 1638 foras.
429 1612 570 1639 Paululum
588 1611 696 1638 abscede
716 1611 794 1638 istinc
824 1612 906 1638 Plaut.
924 1610 992 1640 Asin.
1008 1618 1030 1644 5,
1046 1620 1071 1645 2,
1083 1619 1124 1645 75·-
1185 1613 1320 1640 Eximium
1335 1620 1360 1640 et
1374 1615 1550 1641 Praeclarum.
1624 1615 1682 1641 Cic.
1695 1615 1748 1643 Off.
1764 1624 1783 1649 1,
1797 1618 1827 1648 67
1858 1617 1888 1642 Et
1904 1626 1943 1650 ea,
1967 1626 2034 1652 quae
2048 1627 2146 1645 erinna
2160 1618 2253 1653 pleris-

57 1646 116 1673 cic.
131 1646 210 1673 Acad.
224 1657 247 1678 4,
263 1653 302 1676 128
335 1647 475 1674 Paululum
494 1654 555 1673 ante
574 1646 717 1673 dicendum
737 1647 791 1678 est,
828 1647 894 1674 Non
914 1647 982 1674 mihi
998 1647 1125 1674 videntur
1185 1658 1237 1683 que
1251 1655 1276 1675 et
1290 1650 1422 1684 praeclara
1435 1650 1563 1676 videntur
1576 1659 1656 1684 parua
1671 1651 1782 1684 ducere,
1803 1660 1886 1686 eaque
1899 1653 2003 1680 ratione
2019 1654 2104 1680 stabili
2121 1654 2253 1687 firmaque

57 1682 233 1715 considerare,
255 1691 337 1718 quum
352 1682 451 1718 physici
465 1682 512 1710 illa
523 1682 600 1709 valde
613 1680 755 1715 affirmant,
773 1690 818 1709 etc.
912 1683 1051 1710 Paululum
1065 1681 1125 1717 quis
1140 1694 1178 1719 40
1185 1691 1364 1718 contemnere,
1382 1686 1460 1712 fortis
1475 1686 1559 1712 animi
1572 1686 1715 1720 magnique
1731 1687 1882 1713 ducendum
1895 1688 1939 1715 est.
2014 1689 2096 1715 Pax-ua
2113 1691 2169 1715 sunt
2184 1689 2254 1715 soris

58 1717 148 1754 pudor
173 1718 243 1745 Ter.
256 1718 340 1745 Andr.
353 1729 377 1752 4,
392 1728 411 1752 1,
425 1721 450 1746 6.
556 1718 652 1744 Habeo
667 1717 803 1752 paululum
819 1718 891 1752 quod
907 1718 1043 1752 requiram
1068 1718 1124 1744 Cic.
1184 1728 1267 1753 arma,
1289 1720 1336 1747 nisi
1350 1721 1386 1747 cst
1400 1722 1539 1748 confilium
1554 1721 1629 1747 domi
1656 1722 1712 1748 Cic.
1727 1721 1804 1749 Offic.
1822 1732 1827 1747 1
1844 1732 1865 1749 c.
1881 1732 1916 1749 22.
1954 1725 1973 1749 i.
1989 1725 2179 1757 conten1tzs·.r'li1.⁷‚
2200 1724 2255 1749 nul-

57 1754 144 1781 Tusc.
160 1760 183 1787 5,
197 1763 231 1781 21.
321 1754 389 1781 Ter.
404 1755 470 1781 Eun.
484 1763 506 1787 5,
520 1763 541 1786 2,
555 1761 578 1785 17
610 1753 683 1786 Qud
696 1752 813 1779 feceras?
851 1759 877 1780 C.
896 1754 1032 1787 paululum
1046 1753 1123 1787 quid·
1184 1757 1234 1781 lius
1253 1755 1319 1789 vsus.
1521 1755 1542 1794 ‘J
1564 1765 1576 1789 3
1620 1757 1790 1791 Substantiam
1828 1758 1885 1786 Cic.
1899 1758 1931 1785 de
1944 1759 2032 1786 Finib.
2049 1769 2060 1786 2
2085 1761 2184 1786 Verum
2203 1759 2255 1786 isto

58 1789 127 1817 dam.
165 1796 197 1817 T.
217 1789 269 1816 eho
281 1790 417 1824 paululum
430 1788 589 1824 impudens?
609 1797 642 1814 an
659 1788 797 1823 paululum
812 1787 864 1814 hoc
877 1790 927 1815 esse
941 1789 991 1815 tibi
1006 1789 1123 1822 videtur,
1185 1791 1268 1817 modo
1282 1791 1458 1822 consequatur
1471 1792 1584 1818 summas
1598 1793 1761 1827 voluptates,
1781 1802 1836 1820 non
1850 1793 1933 1820 modo
1948 1803 2043 1829 paruo,
2062 1795 2104 1821 sed
2116 1796 2201 1822 ferme
2216 1795 2256 1821 ni-

55 1825 193 1859 virginem
208 1826 304 1851 vitiare
317 1825 423 1851 ciuem?
496 1824 554 1849 Hoc
569 1824 705 1858 paululum
719 1833 796 1850 mane
811 1825 920 1850 exaraui
941 1825 997 1852 Cic.
1011 1825 1045 1852 ad
1058 1825 1124 1851 Bru-
1185 1826 1254 1861 hilo,
1269 1826 1287 1853 fi
1301 1826 1394 1862 potest.
1468 1829 1569 1855 Ati'ucta
1585 1837 1669 1863 paruo
1685 1829 1811 1856 iuuentus
1831 1830 1906 1864 Virg.
1917 1831 2017 1866 Georg.
2033 1841 2056 1864 2,
2067 1841 2118 1864 472.
2192 1832 2256 1859 Bea-

56 1865 124 1886 tum.
181 1860 320 1886 Paululum
333 1859 397 1886 huic
409 1858 479 1886 deest
491 1859 523 1885 ad
536 1859 639 1886 beatam
653 1859 737 1886 vitam
755 1860 829 1887 Idem
845 1860 962 1894 T11sc.5‚
972 1870 1006 1892 23.
1062 1862 1124 1887 Pau-
1137 1871 1171 1898 45
1185 1869 1226 1889 tus
1243 1872 1326 1898 paruo
1358 1864 1426 1890 Hor.
1441 1865 1521 1899 Epist.
1536 1874 1558 1897 2,
1575 1875 1592 1897 ι,
1608 1874 1656 1898 139.
1747 1865 1896 1892 Contentus
1911 1876 1994 1902 paruo
2004 1889 2012 1900 ‚
2031 1868 2085 1893 vicl.
2107 1873 2184 1894 CON
2196 1874 2218 1894 T
2231 1874 2257 1894 1-

55 1895 140 1922 Iulum
153 1895 273 1930 opperiri
286 1895 402 1929 aliquem
430 1895 500 1922 Ter.
516 1896 582 1922 Eun.
597 1904 619 1931 5,
634 1904 659 1929 2,
674 1904 706 1930 51.
825 1895 899 1923 Idem
913 1897 1009 1924 Heaut.
1024 1906 1046 1930 2,
1061 1907 1081 1929 3,
1095 1905 1122 1929 75
1187 1906 1209 1926 N
1223 1905 1239 1925 F.
1251 1905 1283 1926 O.
1354 1900 1460 1926 Emtum
1476 1910 1560 1935 paruo
1588 1901 1657 1928 Hor.
1673 1901 1754 1929 serm.
1770 1911 1792 1933 2,
1805 1912 1827 1936 3,
1842 1905 1892 1934 156.
1967 1903 2068 1931 Viuere
2080 1912 2164 1937 paruo
2183 1903 2257 1931 Idem

54 1930 110 1958 Vbi
124 1930 142 1957 si
156 1930 293 1965 paululum
306 1931 389 1957 ruodo
402 1930 467 1965 quid
481 1937 507 1958 te
521 1931 631 1966 fugerit,
645 1940 696 1967 ego
710 1931 850 1967 perierim.
923 1933 972 1960 Sed
987 1933 1125 1967 paululum
1186 1935 1254 1962 ibid.
1268 1943 1293 1968 2,
1308 1944 1324 1962 2
1342 1942 1385 1971 pr.
1458 1936 1533 1964 Idem
1555 1947 1592 1972 ιο,
1612 1946 1646 1969 41.
1720 1937 1816 1964 Lucan.
1837 1948 1867 1972 4,
1885 1948 1937 1971 377.
2012 1940 2088 1966 Parui
2109 1940 2257 1972 aestimare,

53 1965 107 1994 fine
118 1965 150 1993 ad
161 1976 204 1993 me
217 1972 247 1993 vt
258 1966 365 1994 redeam
384 1966 459 1995 Idem
474 1968 556 1995 Andr.
571 1977 593 2001 3,
608 1970 679 2004 5,16.
752 1968 892 2003 Respirare
905 1970 1043 2004 paululum
1065 1969 1122 1997 Cic.
1185 1974 1255 2005 [περὶ
1270 1972 1348 2003 ὀλίγον
1361 1973 1497 2007 mmmm]
1535 1972 1616 1999 Plaut.
1637 1973 1712 2006 Capt.
1732 1982 1754 2005 3,
1768 1981 1789 2006 ς,
1804 1983 1839 2005 24.
1915 1974 1971 2001 Cic.
1992 1984 2042 2009 pro
2062 1975 2140 2003 Arch.
2160 1986 2184 2007 ¹⁴
2204 1984 2226 2002 c.
2239 1978 2255 2002 6

43 2011 105 2039 ,pro
118 2002 212 2035 Qiint.
229 2011 266 2035 53.
1186 2007 1305 2034 Pericula
1317 2008 1411 2034 mortis
1424 2015 1503 2041 atque
1518 2008 1609 2038 exilii,
1629 2008 1706 2042 parui
1726 2009 1776 2034 effi:
1790 2009 1916 2036 ducenda.
2025 2011 2116 2045 Nepos
2140 2018 2173 2045 18,
2189 2020 2228 2044 10,
2241 2021 2256 2044 4

46 2064 49 2068 ,
94 2045 111 2065 P
123 2045 176 2065 AV
187 2045 204 2065 L
215 2037 238 2066 ἤ
249 2046 265 2065 ι,
277 2045 299 2063 v
310 2045 341 2072 S,
377 2047 409 2073 a,
440 2048 495 2065 um.
533 2038 593 2065 Adi.
649 2038 775 2072 [τυτθδς]
833 2039 896 2066 Liu.
921 2047 950 2073 8,
969 2049 989 2066 11
1019 2041 1123 2066 Praeto-
1138 2050 1171 2076 50
1179 2044 1288 2069 'Omnes
1308 2051 1371 2075 prae
1390 2043 1439 2068 illo
1453 2044 1528 2077 parui
1544 2044 1658 2069 futuros.
1733 2045 1774 2068 Sic
1798 2044 1866 2071 Ter.
1883 2046 1949 2071 I-Icc.
1964 2052 1987 2078 ς,
2002 2056 2022 2078 3,
2039 2056 2045 2071 1
2080 2047 2167 2072 Herus
2180 2055 2256 2073 meus

53 2083 113 2102 rem
126 2082 221 2100 eorum
235 2074 347 2100 nornine
360 2074 509 2100 Milonium
523 2074 615 2101 dixisse
628 2074 736 2108 ferunt,
756 2083 807 2109 pro
826 2075 930 2109 paulula
944 2075 988 2101 via
1002 2084 1124 2108 magnam
1151 2093 1158 2101 1
1186 2085 1296 2111 operam
1310 2086 1396 2104 meam
1412 2080 1488 2113 parui
1504 2078 1610 2113 deputat
1623 2079 1676 2105 Esse
1689 2080 1779 2113 pretii.
1847 2080 1926 2107 Parui
1940 2090 1990 2116 ego
2003 2082 2065 2108 illos
2079 2082 2150 2109 facio
2171 2083 2255 2109 Plaut-

0 2130 1 2135 .
54 2107 205 2137 mercedem
224 2109 354 2135 Romanis
367 2110 417 2135 esse
437 2109 601 2136 soluendam.
674 2109 748 2136 Idem
768 2119 803 2141 35,
823 2119 842 2136 11
877 2110 955 2137 Nihil
977 2110 1066 2144 primo
1081 2110 1125 2136 ad·
1186 2113 1267 2140 Milit.
1281 2123 1305 2145 4,
1315 2120 1339 2148 8,
1352 2123 1387 2146 41.
1462 2115 1596 2141 Lacrimas
1611 2115 1686 2149 parui
1701 2114 1815 2149 pendere
1828 2116 1943 2143 latrones
1957 2119 2153 2145 consueuerunt
2177 2118 2257 2153 Apul.

0 2156 1 2161 =
40 2145 145 2181 ,speetu
160 2145 335 2178 contemtius,
351 2144 432 2178 equi,
454 2144 632 2178 hominesque
643 2143 745 2180 paululi
758 2152 784 2172 et
797 2146 922 2180 graciles:
946 2146 1087 2173 disc-inetus
1100 2152 1125 2173 et
1186 2149 1250 2176 Met.
1265 2159 1278 2180 4
1292 2158 1317 2183 p.
1334 2159 1382 2183 ¹54-
1456 2151 1522 2177 Ter.
1540 2151 1605 2177 Hce.
1619 2161 1639 2183 3,
1656 2158 1677 2183 5.
1692 2152 1720 2183 63
1742 2152 1818 2183 Qiae
1830 2152 1901 2182 dico,
1915 2154 1991 2187 parui
2007 2154 2133 2189 pendunt.
2197 2155 2257 2182 Cic.

55 2180 167 2209 inermis
180 2188 269 2214 equeS.
298 2197 304 2202 -
342 2180 464 2214 Paulolus
478 2187 503 2207 et
518 2181 642 2214 Polulus,
658 2181 759 2216 antiqui
772 2183 979 2217 pronuntiabant.
1057 2183 1125 2209 Hinc
1186 2186 1240 2212 Att.
1257 2194 1313 2218 15,3
1344 2185 1393 2213 Sed
1409 2186 1425 2212 si
1447 2186 1500 2222 ipsa
1522 2187 1598 2221 parui
1619 2186 1774 2221 pendimus,
1796 2189 1863 2222 quin
1883 2194 1908 2215 et
1924 2189 2027 2216 maiora
2049 2191 2256 2217 contemnimus.

56 2218 126 2253 apud
136 2217 287 2242 Varronem
301 2216 333 2243 de
345 2217 375 2243 L.
386 2217 416 2243 L.
430 2225 457 2249 4,
471 2226 493 2250 ¹7
515 2217 607 2243 Polula
621 2226 673 2250 res,
686 2224 730 2243 etc.
802 2218 835 2243 Et
848 2218 916 2244 Cato
932 2218 963 2245 de
978 2218 1049 2245 KR.
1066 2227 1087 2244 c.
1097 2227 1124 2244 10
1141 2228 1169 2254 55
1186 2221 1247 2247 Alii
1264 2222 1355 2247 codices
1373 2223 1476 2255 hahent,
1504 2223 1553 2249 Sed
1569 2223 1617 2248 sint
1630 2222 1675 2248 ista
1690 2223 1780 2256 parui:
1807 2224 1873 2258 quin
1894 2230 1920 2250 et
1933 2226 2035 2252 maiora
2049 2227 2256 2253 contemnimus.

56 2251 193 2280 Labellum
207 2252 329 2284 polulum
349 2252 436 2279 habet.
509 2255 570 2278 Item
587 2262 609 2280 c.
624 2261 648 2280 21
668 2252 794 2280 Laminae
807 2253 922 2288 polulae.
997 2256 1046 2280 Sed
1062 2263 1098 2287 14,
1111 2262 1123 2279 2
1186 2257 1263 2283 Parui
1279 2264 1370 2290 putare
1384 2264 1409 2283 et
1422 2259 1546 2293 spernere
1566 2258 1662 2284 Catull.
1676 2257 1707 2283 ad
1721 2258 1832 2285 Furium
1852 2261 1870 2286 s.
1885 2270 1916 2286 20
1938 2262 2005 2296 (23)
2024 2271 2061 2288 25.
2134 2262 2190 2289 Cic.
2204 2271 2256 2297 pro

57 2288 164 2317 Paulula
176 2287 239 2322 pila,
258 2287 305 2314 vbi
317 2288 437 2314 triticum
452 2287 564 2322 pinsant.
806 2298 822 2316 2
867 2289 987 2324 Paululo,
1005 2290 1122 2325 Substmz-
1184 2293 1255 2327 Lege
1277 2293 1370 2319 Manil.
1393 2303 1419 2324 55
1452 2295 1557 2320 Etenim
1578 2294 1645 2320 illud
1673 2294 1792 2329 primum
1814 2295 1891 2330 parui
1912 2297 2012 2330 refert,
2040 2307 2086 2325 vos
2108 2297 2256 2332 publicanis

58 2326 118 2351 tiue.
172 2323 240 2351 Ter.
254 2323 320 2350 Eun.
338 2334 357 2356 1,
372 2333 390 2356 1,
405 2334 432 2357 30
453 2324 479 2351 Si
493 2333 608 2358 nequeas
623 2324 743 2360 paululo,
776 2326 818 2352 cil.
839 2325 990 2353 Redimere.
1048 2326 1123 2354 Idem
1184 2330 1272 2355 amifla
1286 2328 1428 2364 veffigalia
1444 2331 1532 2364 postea
1545 2329 1662 2356 vie'toria
1677 2339 1843 2363 recuperare.
1918 2333 1984 2359 Plin.
2000 2340 2023 2367 8,
2041 2344 2063 2362 ις
2091 2334 2197 2361 Eminet
2212 2343 2256 2361 ro.

58 2361 156 2387 Heaut.
170 2368 222 2393 3,1,
234 2369 260 2392 35
286 2359 447 2387 Muliercula
458 2360 568 2395 paululo
582 2367 638 2387 tum
654 2368 709 2388 erat
724 2367 856 2388 contenta.
1185 2365 1276 2395 sirum,
1293 2371 1321 2391 vt
1336 2365 1364 2391 in
1379 2374 1463 2400 paruo
1477 2365 1547 2392 haud
1563 2365 1681 2392 absimile
1693 2366 1781 2393 suillo.
1855 2368 1942 2395 Paruo
1954 2377 1984 2394 vt
1997 2370 2098 2400 Paullo,
2121 2380 2172 2396 cum
2187 2372 2255 2396 Com-

99 2402 116 2422 P
128 2396 265 2423 AVLX'T
276 2403 284 2421 1
297 2402 333 2422 M.
364 2396 432 2423 Adu.
470 2398 555 2433 [κατὰ
574 2396 669 2430 μικρόν,
687 2401 750 2423 κατὰ
764 2396 866 2433 βραχύ]
902 2398 1005 2424 Dimin.
1026 2408 1041 2423 a
1059 2399 1121 2424 Pau-
1136 2401 1171 2427 60
1182 2401 1310 2436 paratino,
1331 2401 1398 2428 Plin.
1414 2410 1436 2434 2,
1450 2404 1481 2434 67
1503 2402 1581 2429 Circa
1595 2402 1719 2436 Caspium
1734 2412 1841 2438 quoque
1857 2405 1938 2431 multa
1952 2405 2053 2432 Oceani
2071 2406 2152 2432 litora
2164 2406 2255 2440 explo-

59 2431 132 2462 lt1m3
165 2432 182 2458 i.
206 2431 297 2463 Serfim
308 2439 332 2458 ee
346 2433 444 2459 leniter.
516 2433 586 2459 Ter.
602 2432 714 2468 Adelph·
729 2441 750 2466 5,
765 2436 790 2466 6,
806 2443 833 2460 10
866 2434 995 2461 Paulatim
1015 2434 1122 2469 plebem
1183 2444 1255 2471 rata,
1276 2445 1413 2472 paruoque
1428 2437 1539 2464 breuius
1553 2448 1632 2473 quam
1647 2445 1718 2464 totus
1734 2438 1797 2465 hinc
1812 2446 1856 2466 aut
1869 2440 1944 2468 illinc
1957 2442 2109 2477 Septentrio
2124 2443 2255 2476 eremiga-

0 2474 3 2503 ι
60 2466 201 2503 primulum
217 2467 290 2493 facio
309 2477 405 2496 meam.
498 2468 554 2495 cic.
567 2468 639 2495 Fam.
652 2475 675 2502 8,
692 2479 715 2501 17
744 2469 828 2496 Cuius
842 2469 961 2497 amicitia
976 2480 1020 2497 me
1035 2471 1121 2505 paula·
1184 2480 1236 2506 tus,
1260 2474 1283 2499 h.
1299 2482 1318 2499 e.
1341 2474 1410 2507 Fere,
1429 2476 1472 2499 vel
1482 2481 1571 2509 parum
1586 2474 1658 2510 abest,
1675 2474 1735 2509 quin
1750 2482 1825 2509 totus,
1841 2483 1888 2503 etc.
2090 2475 2112 2516 ἦ
2134 2487 2152 2511 4
2190 2479 2257 2504 Gra-

61 2502 148 2530 :imin
160 2502 226 2530 hane
239 2503 371 2538 perditam
386 2505 488 2531 causam
501 2504 638 2539 imposuit.
745 2505 875 2533 Paulatim
891 2506 1020 2536 adna‘bam
1037 2513 1122 2533 terrae
1184 2510 1256 2535 dibus
1269 2508 1395 2535 attolli-'tur
1407 2510 1518 2544 Minor,
1541 2518 1565 2536 et
1578 2511 1720 2537 Minimus.
1794 2513 1844 2538 Sed
1856 2519 1938 2539 tamen
1955 2520 1979 2538 et
1993 2513 2120 2549 Paruior,
2141 2517 2254 2549 Compar.

60 2538 132 2572 Virg.
144 2539 209 2566 Aen.
224 2542 248 2572 6,
262 2546 311 2571 358.
394 2541 511 2568 Abolere
525 2540 650 2575 paulatim
678 2540 751 2568 Idem
767 2541 833 2568 ibid.
850 2552 868 2575 1,
884 2552 934 2576 724.
1028 2543 1122 2577 Carpit
1183 2547 1251 2579 apud
1269 2545 1341 2572 Cael.
1355 2547 1444 2573 Aurel.
1459 2547 1563 2573 Chron.
1579 2556 1602 2580 2,
1616 2556 1636 2581 1,
1650 2548 1679 2572 26
1702 2546 1850 2574 Volantum
1869 2549 2017 2582 paruiores.
2091 2551 2124 2575 Si.
2152 2550 2256 2577 Paruis-

57 2573 127 2601 vires
136 2576 265 2609 paulatim
291 2575 366 2603 Idem
379 2577 478 2612 Georg.
494 2586 515 2610 3,
530 2586 576 2609 2!5·
652 2577 727 2609 Conf.
755 2578 808 2604 Ecl.
821 2588 846 2612 4,
858 2583 894 2607 28.
993 2579 1121 2606 Crescunt
1135 2580 1167 2612 6,-
1184 2581 1285 2613 sImus,
1312 2583 1408 2617 Superl.
1446 2583 1593 2617 [ἓλάχιςος]
1632 2583 1737 2609 Lucret.
1752 2592 1775 2616 3,
1789 2593 1839 2611 200
1867 2585 1952 2620 Igitur
1972 2585 2120 2621 paruissima
2140 2594 2256 2621 corpora

54 2610 145 2636 omnia
159 2611 283 2645 paulatim
316 2613 421 2640 Lucret.
436 2622 523 2646 1,190.
597 2613 759 2641 Euanescere
776 2613 903 2649 paulatim
935 2614 1008 2640 Idem
1024 2623 1048 2647 2,
1062 2621 1120 2648 827.
1183 2623 1284 2651 quanto
1321 2618 1352 2644 Et
1376 2618 1501 2644 leuissima
1522 2620 1596 2652 sunt,
1624 2619 1660 2645 ita
1682 2618 1832 2647 mobilitate
1851 2620 1989 2648 fruuntur.
2064 2622 2137 2648 Idem
2153 2631 2181 2656 1,
2201 2624 2254 2655 609

54 2645 199 2681 Paulatim,
215 2658 268 2674 cum
282 2649 408 2676 Genitino.
482 2650 549 2676 Cato
570 2659 591 2676 c.
607 2659 635 2682 47
665 2650 756 2684 Aquae
775 2650 902 2686 paulatim
916 2650 1008 2678 addito
1022 2650 1121 2686 subigi·
1184 2652 1334 2687 Paruiffima
1350 2662 1470 2688 quaeque
1500 2655 1623 2690 Corpora
1637 2654 1793 2682 constabunt
1807 2665 1839 2682 ex
1854 2657 1973 2691 partibus
1986 2657 2109 2685 infinitis.
2183 2657 2255 2685 Ibid.

27 2718 29 2720 ι
54 2686 137 2716 toque
150 2683 275 2717 pulchre,
301 2685 325 2711 h.
339 2694 358 2710 e.
378 2685 521 2716 Paululum,
541 2692 587 2720 per
599 2685 741 2712 interualla.
1182 2691 1238 2722 624.
1297 2689 1346 2722 Sic,
1368 2690 1462 2716 Riehis
1476 2692 1641 2726 paruiffimus
1658 2693 1737 2718 Varr.
1751 2693 1820 2727 apud
1832 2693 1905 2719 Non.
1921 2696 1947 2727 6,
1962 2703 2003 2726 43.
2058 2695 2132 2719 Adde
2148 2693 2254 2721 Festum

39 2748 42 2749 .
96 2724 112 2744 Ρ
124 2724 173 2745 AV
183 2725 256 2746 LVL
266 2727 320 2747 AT
332 2727 389 2747 1M.
427 2721 495 2747 Adu.
534 2721 610 2756 Apul.
625 2722 688 2748 Met.
702 2731 715 2748 2
731 2732 756 2758 p.
772 2731 808 2750 121
824 2723 935 2750 Elmenb.
962 2722 1120 2750 Paululatim
1181 2726 1209 2751 in
1223 2725 1312 2760 Spara,
1331 2733 1355 2751 ee
1368 2725 1461 2753 Ifidor.
1477 2738 1502 2761 4,
1517 2733 1530 2757 8
1550 2728 1582 2755 de
1597 2727 1728 2755 Ordeolo.
1766 2730 1809 2755 lta
1823 2736 1846 2755 et
1859 2729 1931 2757 Cael.
1943 2729 2033 2756 Aurel.
2048 2728 2150 2756 Chron.
2163 2738 2183 2763 1,
2197 2739 2217 2763 1,
2230 2738 2253 2760 5.

53 2752 156 2781 labellis
170 2755 301 2783 minuens.
371 2758 453 2783 Index
467 2757 691 2794 Elmmhorstianus
708 2760 793 2791 docet,
808 2758 908 2796 saepius
925 2769 951 2786 eo
969 2760 1038 2796 issum
1052 2762 1121 2795 Apu-
1129 2767 1165 2796 70
1180 2767 1206 2787 et
1225 2770 1245 2796 1,
1260 2771 1278 2795 1,
1294 2770 1331 2795 29.

55 2789 139 2818 seium.
1223 2804 1238 2825 Ρ
1250 2804 1368 2825 ARVE.
1406 2798 1473 2825 Adu.
1529 2799 1636 2827 Vitruu.
1650 2809 1676 2833 9,
1690 2802 1708 2826 6
1731 2800 1813 2827 Parue
1835 2808 1883 2835 per
1900 2809 1946 2826 eos
1965 2800 2082 2827 fleffitnr
2100 2800 2253 2836 delphinus.

90 2832 168 2854 PAv
178 2833 214 2854 ιι
224 2833 260 2853 SP
270 2833 287 2854 Ε
298 2834 328 2854 R.
366 2827 435 2855 Adu.
472 2829 511 2861 [δί
526 2829 613 2862 datm,
633 2828 792 2867 πρόσκαιρον]
830 2831 848 2858 ι’.
869 2832 976 2858 Paulum
990 2832 1118 2867 tempu-is,
1183 2834 1281 2869 Superl.
1304 2834 1376 2861 Cael.
1391 2835 1482 2862 Aurel.
1497 2836 1574 2862 Acut.
1591 2845 1613 2869 2,
1628 2843 1654 2869 38
1681 2836 1831 2863 Paruissiuie
1843 2836 1947 2870 aliquid
1961 2845 2122 2863 memorare.

49 2863 152 2897 paulum
164 2864 301 2896 admodum,
321 2864 365 2889 vel
374 2865 513 2898 paululum.
567 2865 635 2892 Ter.
644 2865 755 2901 Adelph.
764 2876 787 2900 2,
801 2876 822 2901 2,
832 2869 862 2899 46
884 2868 1019 2902 Paulisper
1032 2877 1117 2897 ruane.
1220 2876 1236 2896 Ρ
1246 2877 1267 2895 Α
1276 2877 1295 2896 R
1305 2876 1327 2895 V
1338 2868 1361 2896 ἤ
1370 2877 1386 2896 L
1398 2878 1418 2897 v
1429 2877 1459 2904 s,
1490 2880 1519 2905 a,
1550 2881 1605 2898 um.
1644 2872 1746 2898 Dimin.
1785 2871 1911 2906 [τυτθὰ]
1968 2873 2044 2908 Virg.
2065 2873 2130 2899 Aen.
2151 2881 2184 2906 4,
2204 2876 2253 2905 328'

51 2896 157 2925 Ibidem
176 2907 198 2934 3,
212 2908 233 2932 3,
246 2908 275 2931 ²4
301 2900 441 2934 Congrum
459 2900 539 2927 istum
554 2901 702 2928 maximum
715 2903 744 2928 in
758 2912 824 2938 aqua
842 2903 919 2930 sinito
933 2904 1024 2930 ludere
1037 2904 1120 2938 pauli·
1181 2921 1227 2927 ——-
1245 2906 1272 2933 Si
1286 2906 1346 2940 quis
1360 2906 1429 2933 mihi
1442 2908 1569 2942 paruulus
1583 2908 1641 2934 aula
1678 2907 1793 2934 Luderet
1807 2908 1917 2935 Aeneas.
1971 2909 2110 2942 Paruulus,
2128 2916 2172 2944 pro
2188 2910 2251 2935 Pue-

53 2933 120 2968 sper.
194 2934 277 2962 Ouid.
290 2935 377 2962 Trist.
399 2945 426 2969 2,
449 2945 490 2970 557
517 2938 603 2971 Atque
616 2937 716 2965 vtinam
730 2947 839 2966 reuoces
852 2940 973 2967 animum
988 2940 1119 2976 paulisper
1132 2948 1165 2977 75
1181 2943 1244 2969 rulo.
1300 2943 1432 2975 Qiinffil.
1449 2950 1471 2975 5,
1486 2950 1503 2977 7
1533 2944 1646 2977 Excepta
1661 2943 1836 2978 paruulorum
1850 2943 1959 2971 iudicia.
2032 2945 2057 2972 O
2070 2953 2162 2971 manus
2182 2944 2251 2971 olim

52 2968 86 2995 ab
105 2969 154 2997 ira.
227 2971 303 3005 Virg.
318 2972 383 2998 Aen.
399 2981 421 3004 ς,
437 2977 481 3004 847
506 2973 562 3007 Ipse
581 2982 631 3008 ego
652 2974 783 3010 paulisper
797 2985 847 3010 pro
860 2981 885 3003 te
898 2983 942 3003 tua
956 2985 1066 3003 munera
1080 2976 1119 3002 in·
1181 2987 1256 3011 mea,
1276 2987 1343 3012 quae
1362 2987 1404 3004 me
1423 2979 1565 3012 paruulum
1585 2980 1660 3014 saepe
1679 2979 1780 3014 gestasti
1807 2979 1882 3006 Idem
1899 2980 1971 3008 Dccl.
1987 2990 2023 3013 24.
2097 2981 2166 3006 Ter.
2181 2980 2249 3007 Eun.

52 3005 109 3032 ibo.
181 3006 369 3034 Commoratus
383 3007 419 3035 est
433 3008 581 3044 paulisper,
600 3009 664 3035 dum
679 3011 703 3036 se
717 3019 786 3038 vxor
799 3018 945 3048 comparat,
964 3013 1034 3039 Milo
1061 3012 1119 3039 Cic.
1180 3023 1204 3048 5,
1220 3022 1244 3049 2,
1259 3022 1287 3047 53
1322 3014 1466 3040 Nutricem
1483 3014 1629 3042 arcessitum
1644 3015 1692 3048 iit,
1712 3024 1779 3049 quac
1800 3016 1874 3042 illam
1886 3016 1953 3043 aluit
1968 3016 2114 3051 paruolam.
2187 3015 2250 3042 Sors

53 3049 103 3075 ΡῐῸ
117 3041 212 3068 Milon·
223 3049 259 3072 28·
332 3044 473 3078 Deponere
486 3045 619 3080 paulisper
631 3046 734 3081 aliquid
751 3048 825 3075 Idem
838 3050 952 3082 Verr.4‚
963 3058 997 3080 53.
1070 3049 1119 3076 Ca·
1181 3050 1357 3084 paruulorum
1386 3049 1479 3077 lustin.
1494 3060 1512 3082 1,
1526 3061 1549 3083 4,
1565 3059 1596 3083 13.
1670 3052 1692 3077 A
1705 3051 1831 3085 paruulo,
1851 3059 1873 3078 et
1888 3052 2017 3087 paruulis,
2037 3052 2091 3078 vid.
2115 3059 2135 3076 A
2155 3052 2248 3086 Praep.

54 3076 120 3103 cabo
133 3077 263 3113 paulisper
277 3079 403 3113 Deposito
429 3080 550 3108 Scribon.
564 3091 611 3114 2¹3·
685 3082 809 3111 Stetimus
823 3085 957 3120 paulisper
971 3085 998 3111 in
1015 3084 1064 3111 illo
1077 3093 1119 3119 ga·
1181 3086 1201 3111 A
1217 3084 1330 3119 paruulo
1343 3085 1446 3113 studere
1460 3086 1574 3113 duritiae
1589 3092 1614 3113 et
1629 3086 1732 3122 labori,
1752 3088 1807 3114 vid.
1827 3094 1850 3114 A
1874 3089 1963 3122 Praep.
2025 3087 2098 3120 Conf.
2112 3087 2201 3113 Barth.
2213 3087 2253 3113 ad

53 3119 283 3141 mearum-tuarum
297 3115 393 3142 nidore
408 3123 485 3150 atque
498 3118 576 3144 fumo
597 3117 653 3145 Cic.
667 3117 696 3145 in
711 3119 797 3147 rison.
812 3129 845 3153 ¹3-
918 3121 1022 3156 Suscipe
1035 3121 1118 3155 pauli-
1131 3125 1163 3151 80
1181 3121 1258 3148 Cirin
1279 3131 1304 3148 v.
1319 3130 1368 3154 139.
1458 3123 1540 3149 Causa
1554 3123 1663 3157 paruula
1687 3124 1793 3150 Lucret.
1808 3134 1831 3157 4,
1848 3132 1898 3155 194.
1971 3123 2040 3149 Hor.
2057 3123 2140 3149 Serm.
2156 3132 2174 3155 1,
2191 3132 2209 3155 1,
2222 3131 2249 3155 33

55 3146 113 3182 sper
124 3157 193 3176 meas
210 3157 296 3185 partes
328 3152 402 3179 Idem
416 3153 489 3180 Fam.
504 3163 523 3188 3,
542 3163 573 3180 12.
647 3156 697 3181 Pro
712 3156 887 3190 Aliquamliu.
927 3158 1011 3184 Plaut.
1025 3157 1118 3184 Bacch.
1181 3157 1307 3190 Paruula,
1328 3167 1389 3184 narn
1403 3158 1526 3192 exemplo
1540 3158 1585 3192 est,
1604 3160 1695 3193 magni
1711 3160 1834 3186 Formica
1847 3157 1954 3184 laboris.
2027 3158 2083 3185 Cic.
2097 3159 2129 3185 de
2143 3159 2249 3185 Inuent.

56 3192 78 3216 3,
90 3191 141 3214 3,12
158 3185 290 3221 Paulisper
301 3187 337 3214 est
350 3187 437 3215 libido
450 3188 568 3223 homini,
581 3189 628 3217 suo
641 3190 733 3218 animo
747 3192 869 3227 obsequi.
941 3193 1015 3221 Idem
1029 3193 1118 3220 Pseud.
1181 3202 1203 3226 2,
1219 3202 1245 3220 25
1271 3192 1401 3220 Defensor
1420 3200 1508 3221 autem
1528 3203 1559 3221 ex
1581 3196 1719 3222 contrario
1740 3195 1856 3229 primurn
1874 3193 2062 3228 Impulsionem
2082 3200 2125 3220 aut
2146 3194 2248 3222 nullam

1 3197 8 3254 l
55 3227 77 3253 1,
89 3220 151 3253 1,,’,6
176 3221 254 3253 Qtasi
268 3223 410 3251 solstitialis
424 3224 507 3253 herba
521 3226 653 3261 paulisper
667 3227 718 3254 fui.
1179 3228 1256 3255 fuisse
1270 3228 1355 3262 dicet,
1375 3236 1419 3257 aut
1438 3229 1455 3256 si
1472 3230 1548 3258 fuiffe
1562 3231 1706 3264 concedet,
1727 3229 1898 3260 extenuabit,
1917 3235 1941 3255 et
1954 3231 2094 3264 paruulam
2115 3230 2248 3265 quandam

95 3260 112 3280 P
126 3260 148 3281 A
158 3260 177 3281 R
192 3262 214 3281 v
226 3263 249 3283 N
262 3265 281 3284 D
292 3265 331 3290 A,
351 3268 390 3287 ae.
419 3261 440 3289 f.
478 3265 533 3289 Dea
550 3263 722 3298 parientium,
742 3273 816 3299 quam
833 3264 984 3291 Terentius
998 3263 1117 3290 Lucinam
1179 3264 1255 3291 fuisse
1268 3264 1467 3294 demonstrabit.
1587 3267 1660 3294 Brut.
1673 3267 1703 3293 ad
1720 3268 1775 3293 Cic.
1792 3266 1862 3292 Fam.
1876 3275 1907 3298 11,
1923 3275 1949 3291 10
1982 3266 2115 3292 Reuertor
2129 3275 2199 3292 nunc
2213 3265 2247 3293 ad

55 3297 137 3317 vocat,
174 3291 293 3334 Ltlt'urjn
302 3295 463 3329 Miscellaneis
476 3300 580 3334 Syntag.
595 3309 617 3327 ι.
655 3301 730 3326 Modo
743 3309 792 3326 non
802 3302 927 3337 pepererit
939 3299 1005 3327 illam
1020 3300 1117 3326 Parun-
1133 3305 1162 3334 85
1181 3301 1340 3335 Antonium,
1361 3302 1408 3336 qui
1423 3311 1455 3329 ex
1470 3302 1533 3338 fuga
1547 3311 1629 3337 quum
1644 3303 1781 3338 paruulam
1793 3303 1904 3328 Manum
1918 3301 2036 3335 peditum
2051 3301 2160 3329 haberet
2175 3303 2247 3329 iner-

54 3325 115 3353 dam
124 3325 198 3360 falsa
209 3327 278 3354 ltho
293 3329 454 3366 Pertundae‚
473 3335 516 3360 vbi
529 3336 584 3361 vid.
811 3341 814 3344 ⁴
1179 3337 1275 3370 mium,
1289 3345 1333 3364 etc.
1407 3338 1568 3366 Nauieulam
1582 3339 1718 3374 paruulam
1733 3337 1887 3365 conscendit
1905 3338 1977 3363 Caes.
1991 3338 2056 3364 Bell.
2066 3338 2147 3364 Ciuil.
2160 3347 2246 3371 3,104.

6 3364 9 3388 1
77 3368 107 3403 ,Ρ
119 3369 141 3388 Α
154 3367 174 3387 R
186 3368 207 3387 V
217 3368 246 3393 Ss
266 3364 286 3390 i.
323 3365 342 3391 f.
398 3369 516 3396 Auiciala.
564 3371 644 3398 Parus
659 3371 732 3399 enim
747 3371 869 3408 quamuis
882 3381 931 3408 per
945 3371 1051 3400 ηοόὶειη
1065 3371 1116 3399 tin·
1179 3373 1292 3400 Pecunia
1307 3374 1427 3409 paruula,
1447 3382 1470 3401 et
1485 3376 1621 3409 Immanis,
1635 3375 1772 3401 contraria.
1829 3373 1886 3400 Cic.
1901 3382 1950 3407 pro
1965 3373 2041 3400 Rosc.
2058 3374 2135 3401 Com.
2150 3383 2175 3406 23
2197 3374 2246 3401 Illa

7 3429 9 3436 Ι
35 3421 42 3427 ,
55 3405 235 3430 matoinncm
262 3400 364 3427 Auctor
375 3401 536 3432 Philomelae
556 3416 581 3434 v.
596 3416 621 3439 9.
1178 3409 1231 3436 fuit
1251 3410 1363 3445 pecunia
1384 3411 1527 3445 immanis,
1547 3411 1609 3438 haec
1628 3410 1748 3446 paruula.
1823 3409 1874 3436 Res
1895 3409 2020 3443 paruula,
2039 3416 2084 3445 pro
2099 3412 2132 3436 Re
2155 3410 2246 3437 nullius

7 3441 9 3454 ¹
90 3440 106 3460 P
116 3440 138 3476 ’.Α
148 3441 167 3460 R
177 3441 198 3460 V
208 3440 229 3460 v
241 3441 255 3461 s
265 3455 274 3467 ⁹
295 3444 326 3468 δ’
345 3445 400 3463 um·
438 3439 499 3465 Adi·
536 3450 566 3466 ‘x
587 3444 680 3469 Graffl'
696 3445 786 3477 ratleo,-
811 3443 930 3479 [amede]
958 3444 1043 3480 magni
1062 3453 1115 3469 con-
1178 3445 1294 3472 momenti
1313 3446 1382 3474 Ter.
1397 3447 1509 3482 Adelph.
1523 3456 1546 3479 2,
1559 3455 1585 3480 4,
1600 3456 1637 3473 10.
1710 3447 1765 3474 Cic.
1781 3454 1830 3480 pro
1844 3445 1940 3478 Quint.
1955 3454 1980 3478 53
2008 3446 2034 3472 Si
2047 3446 2076 3472 in
2091 3446 2201 3481 paruula
2215 3455 2245 3473 re

17 3476 20 3485 '
56 3475 172 3496 smmum·
246 3472 359 3498 P³ffl¹¹5³
381 3473 422 3499 vel
435 3483 511 3508 Pssel',
529 3477 574 3504 vel
585 3478 705 3515 humilis,
725 3480 767 3506 vel
781 3489 880 3515 pauper
904 3481 977 3507 Seru.
992 3482 1027 3506 ad
1040 3479 1116 3515 Virg.
1128 3488 1164 3513 90
1177 3481 1306 3515 captionis
1321 3483 1422 3518 aliquid
1437 3492 1574 3516 vererere,
1594 3491 1649 3509 non
1669 3482 1754 3509 statim
1774 3481 1805 3508 ad
1822 3482 1859 3516 Q
1870 3481 2019 3516 Aquilium.
2113 3482 2244 3509 Successus

8 3535 9 3539 ,
36 3505 109 3539 [Ecl.
123 3512 150 3541 7,
165 3514 207 3547 292
278 3509 371 3543 Nempss'
383 3517 449 3549 PH&
461 3516 551 3545 aetate,
567 3513 676 3542 humilis
692 3518 790 3549 honore,
810 3523 910 3551 pauper
923 3518 1004 3551 opibus
1019 3525 1115 3550 paruus
1177 3518 1244 3545 Plin.
1261 3527 1284 3551 2,
1297 3527 1333 3551 23.
1407 3520 1464 3547 Cic.
1479 3519 1510 3546 de
1525 3520 1628 3546 Inuent.
1643 3527 1665 3551 2,
1680 3527 1706 3551 ¹9
1733 3519 1822 3551 Q1are
1843 3525 1891 3543 nos
1912 3516 2021 3551 quidem
2041 3517 2094 3544 sine
2106 3518 2160 3545 vlla
2173 3516 2244 3545 affir-

8 3543 10 3578 ἶ
54 3540 96 3582 ‘st-
170 3543 238 3570 le-
254 3551 284 3575 ¹¹,
298 3552 323 3576 37
345 3542 502 3584 Abusdem,
518 3547 564 3581 qui
578 3549 660 3586 altero
673 3551 775 3578 lumine
788 3552 850 3579 orbi
865 3553 1043 3583 nascerentur,
1064 3553 1116 3579 Co·
1177 3554 1311 3587 matione,
1333 3554 1409 3582 simul
1425 3560 1580 3590 quaerentes
1593 3554 1746 3581 dubitanter
1761 3552 1972 3587 vnumquodque
1987 3553 2120 3586 dicemus,
2142 3553 2243 3580 nedum

56 3577 129 3604 emes
142 3578 321 3620 V003l33¹¹fl¹f²
347 3588 392 3614 ΨΜ
410 3581 498 3614 Ρᾶῑῑῑῐῧ
509 3583 641 3618 7νῐΐὶὸψῐε,
660 3588 775 3614 Ocellae.
849 3589 906 3615 Cic.
921 3590 997 3615 Verr.
1016 3598 1033 3621 1,
1055 3609 1060 3615 .
1080 3608 1086 3615 .
1108 3608 1115 3615 .
1176 3590 1317 3625 paruulum
1331 3590 1382 3617 hoc
1398 3591 1602 3627 consequimur,
1623 3596 1652 3617 vt
1664 3590 1723 3616 satis
1736 3589 1877 3616 commode
1892 3588 1956 3615 haec
1969 3589 2139 3624 perscripsisse
2153 3589 2242 3617 videa-

56 3613 132 3647 Q1ae
144 3622 261 3641 maxime
275 3614 353 3649 digna
367 3616 426 3642 sunt
439 3626 472 3643 eo
486 3625 549 3651 reo,
568 3620 610 3646 cui
623 3630 734 3657 paruum
746 3633 775 3650 ac
788 3624 924 3652 mediocre
939 3624 1023 3651 obiici
1044 3624 1114 3651 nihil
1176 3635 1246 3652 mur.
1319 3627 1376 3653 Cic.
1387 3628 1465 3654 Acad.
1479 3637 1502 3660 4,
1515 3632 1542 3658 83
1563 3626 1612 3654 Sed
1625 3631 1653 3652 vt
1666 3625 1786 3653 minuam
1801 3625 2019 3659 controuersiam,
2032 3626 2120 3653 videte
2135 3626 2242 3660 quaeso,

8 3678 10 3682 .
56 3655 194 3690 oporteat..
253 3652 370 3692 ⁴Magnus
385 3658 435 3693 aut
443 3661 540 3687 paruus
561 3655 628 3682 Hor.
637 3657 717 3685 Serm.
731 3668 753 3693 2,
768 3662 793 3693 6,
809 3670 848 3694 95.
923 3661 979 3687 Cic.
995 3660 1027 3686 dc
1040 3660 1114 3688 Orat.
1127 3666 1159 3693 95
1177 3671 1256 3697 quam
1271 3662 1428 3697 inparuulis
1447 3662 1509 3690 sitis.

8 3695 10 3720 2
57 3691 88 3715 2,
106 3689 140 3717 84
170 3686 211 3712 Sic
224 3692 304 3727 ctiam
320 3696 347 3713 in
361 3697 450 3728 paruis
464 3694 509 3715 aut
522 3689 700 3720 mediocribus
713 3695 793 3723 rebus
809 3696 931 3723 do&ores
944 3697 1042 3730 assequi
1057 3705 1116 3730 pos·
1213 3705 1287 3725 PAR
1297 3705 1317 3724 V
1328 3697 1348 3724 v*
1358 3706 1374 3724 L
1385 3706 1405 3724 v
1415 3706 1449 3725 Μ.
1488 3698 1554 3725 Adu.
1592 3695 1718 3731 [τυτθδγ]
1756 3695 1911 3732 Plin.Epist.
1925 3703 1948 3729 8,
1962 3705 1992 3731 14
2012 3696 2082 3730 Qia
2097 3696 2239 3735 P2f¹¹¹,¹¹u¹¹¹

56 3720 131 3759 sUJss,
165 3730 219 3747 non
239 3722 310 3750 idem
331 3724 416 3750 sentio
435 3730 506 3751 tanta
527 3725 556 3752 in
577 3725 624 3752 hac
644 3736 673 3754 re
690 3735 795 3765 tamque
815 3733 941 3760 immensa
961 3733 1029 3767 posse
1049 3732 1116 3760 sieri.
1174 3734 1259 3761 refert
1272 3743 1305 3760 an
1319 3734 1390 3761 idem
1405 3734 1569 3769 displiceret,
1590 3731 1687 3766 quibus
1700 3742 1754 3760 non
1769 3733 1839 3760 idem
1854 3733 1994 3767 placuisset.
2093 3734 2239 3766 Aequirere

9 3779 10 3792 ;
57 3755 113 3796 0¹?-
128 3764 177 3788 1³¹0
191 3757 294 3786 Cluent.
309 3768 339 3793 94
359 3769 380 3786 c·
396 3769 422 3792 34
454 3761 525 3787 Haec
539 3768 626 3788 autem
639 3763 707 3798 apud
720 3766 826 3794 Iunium
842 3777 940 3803 parua,
958 3776 983 3795 et
999 3768 1115 3802 infirma,
1176 3771 1317 3804 paruulum
1332 3770 1363 3796 de
1376 3770 1456 3796 notite
1480 3770 1555 3796 Idem
1569 3767 1636 3795 ibid.
1650 3777 1667 3803 9
1681 3770 1727 3795 vlt.
1776 3798 1780 3802 .
1826 3769 1904 3803 Ligni
1917 3768 1984 3796 inest
1997 3769 2138 3804 paruulum
2164 3766 2237 3793 Idem

9 3808 11 3823 ,
55 3797 82 3817 et
94 3790 400 3835 ipsius—labore'qttaesita
412 3802 491 3831 atque
506 3797 626 3825 collecta.
699 3803 744 3826 Ad
758 3811 836 3837 opes,
857 3810 999 3840 cognatos,
1015 3802 1115 3840 affines,
1177 3815 1211 3839 15,
1224 3815 1260 3839 24.
1335 3805 1502 3840 Rccolligere
1515 3804 1656 3839 paruulum
1686 3805 1777 3832 lustin.
1790 3813 1825 3840 23,
1840 3815 1864 3839 4,
1878 3810 1901 3835 8·

55 3827 225 3861 ”eceffifl052
250 3830 359 3859 chent&
377 3833 499 3867 reftrtur.
610 3834 780 3868 componere
804 3847 884 3872 parua
905 3841 1006 3875 magnis
1037 3841 1169 3875 Virg.100
1216 3840 1348 3869 PARvi‘
1359 3847 1453 3874 TAS,
1485 3841 1543 3867 atis.
1581 3840 1601 3867 f.
1640 3841 1786 3874 [finnedi-ue,
1812 3840 1954 3875 σμικρότης,
1984 3839 2119 3870 Λιπτότης]
2156 3834 2235 3873 5019·

57 3862 156 3905 Georg.
167 3871 193 3896 4,
208 3866 260 3899 176.
333 3867 447 3895 Paruum
461 3878 540 3903 parua
554 3868 647 3896 decent
668 3870 821 3906 Hor.Epist.
836 3885 854 3908 ι,
869 3886 892 3909 7,
906 3888 944 3909 44·
1019 3878 1041 3903 A
1056 3885 1115 3911 par-
1176 3878 1253 3904 mella
1268 3878 1350 3912 praef.
1361 3887 1388 3903 10
1405 3877 1512 3903 Tamen
1526 3876 1616 3903 eadem
1630 3883 1683 3904 tam
1698 3877 1792 3910 exigua
1804 3877 1871 3908 sunt,
1885 3882 1912 3903 vt
1933 3876 2024 3910 (quod
2037 3876 2110 3901 aiunt
2123 3872 2236 3910 Graec1)

22 3934 30 3939 ,,
55 3906 116 3940 ⁹¹5²,
127 3900 182 3924 '⁰¹¹²‘
200 3905 223 3924 A
240 3902 336 3943 ,prf‘ffl
406 3906 497 3932 Aetate
511 3906 588 3940 Pami
607 3906 677 3932 SUC‘·
692 3907 758 3941 Aug·
775 3917 797 3935 c·
810 3914 852 3942 48.
924 3913 961 3938 Hi
972 3912 1114 3945 ctiamfim-
1175 3923 1206 3940 ex
1221 3912 1484 3948 incomprehensibili
1499 3913 1629 3947 paruitate
1641 3921 1736 3939 arenae
1751 3912 1822 3939 funis
1836 3912 1906 3939 effici
1919 3921 1972 3939 non
1987 3910 2067 3945 poss‘n.
2091 3942 2096 3946 ¹
2139 3905 2234 3944 Cle-de

53 3934 156 3974 pltctter
171 3934 248 3961 Parui
263 3940 388 3977 eluuntur.
450 3943 515 3977 τᾶς.
540 3942 618 3968 Parui
639 3941 729 3976 primo
744 3949 807 3970 ortu
820 3945 853 3972 sie
867 3947 970 3981 iacent,
987 3954 1114 3981 tanquam
1174 3949 1298 3975 Vniuers.
1319 3958 1340 3974 c.
1355 3957 1376 3979 13
1404 3947 1482 3974 Haud
1504 3948 1598 3975 iisdem
1620 3949 1749 3980 vinculis,
1769 3948 1866 3982 quibus
1886 3948 1933 3983 ipsi
1951 3951 2024 3974 erant
2036 3943 2170 3982 (οἰ-ΜΞΝ,
2191 3940 2235 3967 sed

56 3977 170 4010 omnino
185 3969 237 3996 sine
249 3980 340 4014 ammo
353 3975 402 4002 sint
430 3977 487 4004 Cic.
501 3977 534 4004 de
547 3978 604 4004 Fin.
618 3986 631 4009 5
651 3986 672 4003 c.
686 3986 718 4005 15.
787 3979 925 4017 Romulus,
945 3993 1025 4018 quem
1040 3984 1113 4010 inau-
1174 3985 1286 4014 talibus,
1305 3992 1372 4016 quae
1392 3984 1465 4010 cerni
1485 3992 1540 4010 non
1560 3985 1660 4019 possent
1679 3991 1788 4019 propter
1807 3984 1978 4019 paruitatem,
1998 3979 2095 4006 erebHs
2109 3975 2179 4009 ‘31¹³st
2191 3985 2234 4002 ‘U‘

57 4010 144 4032 ratum
158 4015 186 4032 111
200 4006 348 4073 ἳξιέἓοῐιοί
356 4020 478 4074 1pIaruum
492 4020 571 4050 atque
587 4014 738 4046 metentem,
758 4013 883 4051 vberibus
898 4018 996 4054 lupinis
1010 4019 1259 4051 i11hian-105neolis
1274 4019 1466 4052 inliquefactis,
1487 4029 1571 4049 vnum
1586 4019 1734 4048 efficiebant
1749 4028 1780 4046 ex
1794 4019 1919 4047 omnibus
1933 4023 2035 4050 corpus,
2108 4011 2234 4071 Gelli}

292 4064 298 4070 .
389 4066 396 4073 .
1331 4055 1354 4082 X
1367 4063 1383 4081 x
1410 4063 1425 4081 x
1443 4063 1457 4082 x
