2517 4231
642 198 900 250 PER
1222 186 1370 229 ’·
1755 189 2022 233 PER
2348 200 2427 243 784

827 288 905 316 Valde
918 285 1043 312 ridiculus
1056 289 1081 309 et
1094 281 1198 309 delirus.
1218 317 1224 323 ⁶
1243 281 1298 322 Li}-
1357 280 1431 308 Hon.
1444 282 1471 315 6,
1483 290 1537 315 310.
1609 283 1686 310 Νυ111
1699 282 1817 309 minimo
1831 281 1943 316 perdere
1956 282 2074 317 aliquem
2100 281 2182 308 Ouid.
2193 290 2225 308 ex
2237 282 2314 309 Pont.
2328 291 2347 316 i,
2359 291 2381 316 2,
2389 292 2427 317 93.
2472 297 2473 302 =

777 336 787 353 s
800 332 893 353 omnes
906 322 973 354 effe,
992 327 1036 348 etc.
1077 318 1160 352 Qiod
1174 319 1237 345 facit
1252 317 1298 344 hic
1357 317 1498 357 Scaeuolae
1510 327 1582 345 mors
1597 328 1689 346 omnes
1703 320 1774 346 ciues
1790 318 1908 353 perdidit
1921 325 1947 345 et
1959 318 2054 345 afflixit
2073 319 2131 345 Cic.
2141 327 2189 353 pro
2204 319 2279 345 Rosc.
2288 320 2347 346 Am.
2362 327 2428 346 c.12.

240 381 267 408 ‚d
366 375 511 403 “delirum
524 373 571 400 effe
587 370 699 396 Videam
1281 389 1287 396 ι
1358 351 1418 378 Nos
1433 353 1543 393 quidem
1557 356 1602 388 pol
1614 356 1722 382 miseras
1736 355 1853 390 perdidit
1875 355 1945 381 Ter.
1954 354 2038 380 Andr.
2052 365 2074 385 5,
2088 364 2107 387 1,
2120 360 2143 385 8.
2216 355 2273 382 Cic.
2282 356 2358 382 Verr.
2369 363 2392 388 3,
2402 364 2429 387 37
2463 354 2466 357 “

237 391 249 409 1
269 388 436 442 e¹¹¹EaRPDEN
449 418 462 438 s
477 417 498 437 V
511 417 524 437 S
562 416 576 434 a
611 413 662 430 um.
701 397 760 426 Adi,
797 391 968 428 [πολυδαισδι]
1010 391 1088 418 Valde
1104 389 1204 426 densum
1213 390 1298 425 sigm-
1358 389 1410 415 Eos
1425 388 1534 429 quidem
1555 390 1610 417 iam
1623 392 1807 427 superioribus
1826 390 1921 418 edieiis
1941 390 2001 417 satis
2023 390 2175 425 perdiderat
2197 397 2276 426 atque
2291 391 2429 418 afflixerat.
2491 417 2493 419 ,

277 422 294 443 P
361 447 485 476 Comme]
508 454 520 478 3
535 429 566 469 '12
583 427 742 466 ⁷Perdcnsam
757 431 869 458 humum
883 428 1002 456 caelestes
1014 435 1094 462 aquas
1107 436 1164 454 non
1180 426 1296 453 sorbere.
1322 435 1335 458 5
1358 423 1472 466 Perdere
1484 424 1603 458 aliquem
1615 428 1708 462 capitis
1737 428 1820 454 Plaut.
1832 426 1927 454 Bacch.
1942 436 1963 459 3,
1977 435 1998 459 3,
2013 429 2054 457 86.
2091 428 2109 452 i.
2136 427 2195 452 Vita
2207 427 2326 462 prium-e,
2333 427 2378 462 seu
2393 436 2429 453 oc.
2470 437 2474 443 ·

233 453 307 489 ficm⁰
329 493 348 514 R
359 492 378 512 D
388 491 406 512 E
416 492 431 512 p
440 490 452 510 s
462 466 494 509 ο.
520 465 570 504 ἐκ.
630 475 680 498 Vox
692 469 791 505 obscena
804 467 872 501 apud
885 464 982 492 Catuli.
999 463 1089 490 Carm.
1104 472 1141 497 75.
1179 463 1251 489 Aliis
1264 460 1297 501 est
1357 463 1448 486 cidere.
1462 480 1464 483 .
1513 461 1652 501 ⁴Animum
1664 464 1790 498 pudicum
1804 463 1875 490 male
1888 462 1999 498 perdere
2020 462 2102 489 Ouid.
2112 462 2190 497 Epist.
2206 473 2230 495 7,
2245 473 2266 493 ς.
2334 463 2428 489 Α111105

278 495 293 515 P
304 494 320 515 E
333 529 353 550 R
363 527 406 548 DF.
415 527 427 546 s
441 525 457 545 Ρ
467 502 514 543 v'o
552 511 578 536 ui
587 529 595 541 ‚
615 514 706 539 utum,
726 506 780 530 ere.
817 498 987 535 [zaram-niu]
1029 500 1108 526 Verba
1115 497 1186 535 sunt,
1207 499 1298 526 Pan-ui
1357 496 1431 537 bello
1445 495 1564 532 perdidit
1585 497 1659 525 Idem
1673 501 1765 527 Amor.
1780 509 1802 533 2,
1815 509 1835 533 1,
1846 509 1877 532 31.
1973 499 2066 525 Α111105
2079 499 2194 525 errando
2208 498 2326 533 perdidit
2353 499 2429 526 Idem

279 530 337 586 PdEs
352 557 392 584 uit
409 556 418 582 j
439 554 488 579 sam
523 534 647 573 onrem.
719 537 870 572 Perdepsuit
885 533 1088 576 placuit'Voffio.
1359 531 1426 574 ¹b¹d2
1440 542 1462 565 2,
1476 540 1496 573 1,
1511 541 1544 565 31.
1651 535 1782 567 Qiinffll.
1799 545 1829 571 ii,
1843 546 1854 568 3
1886 535 1956 562 Huic
1970 534 2137 561 contrarium
2157 535 2193 562 est
2207 535 2306 562 vitium
2325 535 2429 561 nimiae

240 563 528 622 perpgpmcplvm‚
546 582 565 608 i.
591 589 616 606 n.
654 576 769 611 [ἐλξίνη]
807 574 899 600 Herba.
956 572 1024 599 Ptin.
1038 580 1075 605 21,
1090 578 1118 606 ¹7
1145 570 1299 599 perdicium
1359 568 1512 609 tardidatis:
1540 577 1601 594 nam
1619 569 1840 598 etdifficultatem
1855 570 2013 598 inueniendi
2034 570 2149 606 fatetur,
2169 576 2195 597 et
2216 570 2328 606 segnitia
2348 570 2430 597 soluit

241 638 268 659 et
287 631 353 658 ,fiae
370 630 454 662 gemes
472 627 549 654 quam
566 613 690 649 Aegyptii
709 611 805 637 edunt:
831 617 932 635 nornen
953 607 1027 634 dedit
1044 608 1117 640 auis,
1135 607 1164 633 id
1183 607 1299 633 maxime
1313 613 1343 633 10
1357 614 1480 636 311111105,
1506 610 1533 631 61
1552 604 1721 639 temporibus
1741 608 1889 642 praefinitis
1909 608 2012 642 Aquam
2032 606 2138 642 perdit,
2175 607 2193 633 i.
2222 608 2324 642 Tempus
2344 609 2429 633 clatum

237 227 308 274 783

274 302 549 336 PERDELvaS‚
568 308 600 333 a,
619 307 674 326 um.
710 293 770 322 Adi.

239 350 304 373 eret.
319 353 338 377 i,
351 345 399 375 693
432 339 529 366 Dicere
542 345 625 372 porro
644 335 730 367 ignem
747 336 775 355 re

292 674 335 693 ens
412 660 446 685 Ea
463 654 513 687 est,
530 659 597 686 quae
616 657 642 676 et
661 646 806 675 muralium
819 645 900 672 etiam
913 643 1031 676 dicitur,
1049 645 1125 679 vulgo
1145 643 1299 679 parietaria.
1352 641 1457 682 frustra
1477 641 1605 674 conterit,
1623 649 1696 676 quum
1714 645 1751 668 ad
1767 643 1919 678 clepsydram
1939 644 2045 670 dicitur.
2152 642 2297 669 Blanditias
2315 642 2430 678 perdere

241 677 318 731 giba
331 685 492 725 fier-dicium,
510 688 576 723 quod
587 696 616 713 ea
628 685 739 720 perdices
754 682 916 708 delei‘lentm·.
1359 677 1443 704 Ouid.
1458 678 1551 704 Amor.
1564 685 1596 710 ii,
1610 685 1643 709 3¹·
1760 677 1849 706 Senec.
1862 680 1975 716 Hippoi.
1994 690 2008 712 4
2028 689 2056 706 v.
2069 688 2109 711 441
2144 679 2257 705 Perdere
2275 678 2311 705 est
2331 679 2428 713 dignus

270 714 291 764 Ῥ
301 741 319 762 E
328 740 346 760 R
356 738 374 757 D
385 737 393 756 1
403 735 419 755 c
431 733 451 754 ο
461 747 470 759 ,
489 726 543 750 ere.
580 722 634 748 Vix
647 720 710 747 haec
724 717 885 754 perdixerat,
898 716 938 743 illi
953 714 1095 751 prosiliunt
1116 714 1210 742 Alcim.
1225 714 1299 742 Auit.
1358 712 1445 745 Bona,
1464 713 1512 748 qui
1526 712 1609 739 nescit
1623 712 1672 739 vti.
1752 713 1827 739 Bona
1839 723 1926 750 aequo
1939 716 2032 743 animo
2052 716 2110 742 Cic,
2120 715 2191 741 Fam,
2206 724 2233 749 9,
2244 717 2280 741 16,
2354 715 2430 742 Bona

305 772 319 797 5
363 767 385 793 h,
399 774 419 790 e,
437 763 512 797 plane
523 758 637 792 dixerat,
656 756 737 782 dicere
749 754 865 788 deflerat,
900 753 972 779 Add.
986 751 1122 786 Qine'fil.
1137 751 1256 778 Declam.
1272 760 1299 784 ¹9
1357 749 1470 784 perdere
1482 749 1511 776 in
1524 749 1610 776 cicere
1623 755 1702 784 atque
1723 748 1785 776 faba
1810 750 1879 778 Hor.
1892 752 1976 779 serm,
1993 761 2016 787 ρ,
2031 762 2053 785 3,
2067 757 2116 781 132.
2213 751 2271 778 Cic.
2285 760 2334 786 pro
2351 751 2429 777 Rosc.

238 780 370 834 Ξῖἶῗῶηω
384 799 450 825 m'hil
459 795 566 822 inuenio,
1316 795 1340 817 ¹5
1358 786 1437 812 Com.
1453 795 1481 813 io
1513 785 1565 812 Hic
1577 785 1639 826 tusi
1653 785 1767 821 amplius
1787 790 1843 825 H.3'
1863 795 1946 814 numo
1961 788 2065 823 petisti,
2084 796 2164 822 quam
2180 786 2232 813 tibi
2249 787 2368 814 debitum
2381 787 2430 818 est,
2470 815 2473 818 ,

271 843 363 867 PERD
373 840 406 862 1F
416 840 432 860 F
442 839 452 859 1
464 838 500 859 C1
511 836 529 857 L
539 837 549 856 1
559 835 588 862 S,
619 836 642 854 e.
686 825 747 853 Adi.
792 826 874 860 [πάνυ
893 822 1026 859 xamen-iic]
1072 824 1152 850 Valde
1176 822 1298 854 difficilis.
1356 821 1470 849 Causam
1485 821 1635 857 perdidisti.
1732 823 1837 855 Amici,
1856 822 1935 849 Diem
1949 823 2054 858 perdidi
2081 824 2166 851 Titus
2183 824 2288 859 vespas,
2302 831 2342 859 ap„
2357 823 2429 850 Suet,

235 876 289 904 Cic.
303 877 354 900 Att.
370 879 391 903 3,
404 876 417 899 8
441 868 489 896 Sed
503 872 529 893 et
542 863 677 898 nauigatio
691 860 855 897 perdifficilis
868 860 930 887 fuit.
1003 859 1078 887 Idem
1092 859 1124 885 de
1137 858 1201 885 Nat.
1214 859 1297 885 Deor.
1356 858 1386 884 iri
1400 859 1464 885 Vita
1476 865 1531 888 c.8.
1604 858 1694 893 Equos
1709 857 1835 892 perdere,
1855 858 1873 884 i.
1890 860 2051 894 Cori-ampere
2070 860 2141 894 Nep.
2157 866 2192 894 13,
2207 868 2233 893 ς,
2248 871 2271 892 4·
2294 872 2296 881 ·
2344 860 2429 887 Plaut.

235 921 254 943 1,
266 922 274 938 1
300 910 376 936 Tum
393 901 557 940 perdifficilis
575 901 655 928 Brute
674 897 765 932 (quod
778 903 807 924 tu
820 896 934 924 minime
947 896 1076 932 ignoras)
1096 901 1122 922 et
1136 894 1299 930 perobscura
1357 894 1442 922 Trin.
1451 905 1472 929 3,
1482 896 1540 928 2,16
1561 895 1636 921 113116
1649 894 1754 920 tandem
1769 894 1886 920 maiores
1893 894 1999 921 Famam
2013 895 2180 923 tradiderunt
2196 895 2247 922 tibi
2261 895 2311 928 tui,
2323 902 2361 928 vt,
2374 895 2430 921 vir-

233 944 348 982 quaestio
361 942 397 969 est
410 941 442 967 de
456 945 548 965 natura
562 936 685 963 deorum.
869 950 870 953 =
1357 936 1413 957 tute
1426 939 1523 958 eorum
1536 936 1596 956 ante
1610 937 1698 965 parta,
1718 940 1766 966 per
1782 930 1915 965 flagitium
1928 931 2069 965 perderes?
2167 933 2275 959 Famam
2290 932 2358 958 male
2371 939 2430 966 per.

268 988 283 1008 p
292 987 336 1008 ΕΚ
347 985 365 1005 D
374 985 383 1005 1
393 983 433 1003 FF
444 983 452 1002 1
466 981 484 1001 C
497 980 531 1001 {L
542 971 554 1001 ἰ
565 978 588 999 Τ
599 978 661 1004 ER,
680 970 763 1004 [πάνυ
775 969 909 1003 χαλεπῶς]
928 968 972 993 vel
982 975 1012 993 vt
1025 967 1075 993 alii
1087 968 1192 1000 volunt,
1214 973 1230 993 P
1240 973 1298 993 ER·
1308 977 1341 995 20
1358 966 1421 993 dere
1443 965 1612 1001 OuidAEpist.
1623 974 1650 1001 7,
1659 969 1683 993 6.
1757 966 1851 993 Fidem
1866 973 1892 993 et
1907 976 1964 993 rem
1985 966 2067 993 Plaut.
2077 968 2152 1002 Epid.
2167 977 2222 1001 2,2,
2232 973 2268 1000 36.
2343 967 2430 1000 Qi'm.

232 1022 295 1045 1311:
307 1021 324 1042 F
335 1020 368 1041 ic
379 1020 399 1040 v
410 1019 426 1038 L
436 1018 458 1037 T
469 1017 486 1038 Ε
497 1017 527 1036 R.
566 1007 632 1034 Adu.
707 1005 764 1032 Cic.
778 1004 856 1031 Acad.
868 1015 891 1037 4,
905 1013 936 1037 47
952 1013 975 1030 c.
992 1011 1017 1037 15
1044 1004 1097 1030 Aut
1111 1003 1129 1030 si
1143 1012 1173 1029 ea
1188 1012 1297 1038 quoque
1356 1003 1413 1030 &ih
1433 1013 1457 1037 9,
1471 1015 1485 1035 4
1514 1003 1620 1036 Perdit,
1641 1003 1793 1037 amittitque
1811 1010 1837 1029 et
1858 1003 1955 1036 fidem,
1972 1009 1998 1029 et
2020 1003 2145 1036 affectus,
2165 1010 2309 1038 motusque
2328 1006 2431 1031 01111165.

230 1052 311 1089 posl'it,
331 1058 377 1077 cur
389 1048 434 1075 illa
447 1055 503 1073 11011
518 1044 602 1080 potiit,
622 1050 690 1077 quae
706 1040 904 1076 perdifficiliter
919 1039 1132 1067 internoscantur
1145 1040 1250 1066 tamen}
1356 1039 1432 1067 Idem
1447 1039 1566 1073 Amphit.
1585 1049 1602 1070 1,
1617 1048 1637 1072 1,
1651 1048 1702 1072 300
1730 1039 1783 1065 Vbi
1798 1048 1849 1074 ego
1869 1039 1957 1074 perii?
1980 1038 2029 1065 vbi
2044 1039 2199 1066 immutatus
2215 1041 2290 1066 sum?
2315 1040 2364 1066 vbi
2379 1048 2430 1074 ego

268 1094 284 1115 Ρ
294 1094 310 1114 F.
320 1093 338 1113 R
350 1092 369 1113 Ι)
382 1092 390 1111 1
403 1089 425 1110 G
437 1089 459 1109 N
469 1088 489 1108 V
499 1088 511 1107 S
520 1101 529 1113 ‚
548 1089 580 1115 a,
597 1088 652 1106 um.
673 1077 734 1104 Adi.
772 1077 870 1112 [111111Αέ
885 1075 966 1110 ἄξιος]
1010 1077 1088 1102 Valde
1100 1076 1200 1111 dignus.
1240 1075 1297 1103 Cic.
1356 1075 1484 1102 Formam
1498 1075 1621 1110 perdidi?
1696 1077 1820 1103 Fonnam
1834 1075 1955 1102 hominis
1975 1075 2058 1102 Ouid.
2066 1076 2131 1101 Met.
2142 1084 2244 1109 13,405.
2315 1076 2430 1102 fruetus

229 1125 300 1153 Fam.
315 1132 345 1154 13,
358 1123 373 1147 6
399 1118 446 1146 Sed
461 1124 549 1144 tamen
562 1116 679 1150 suspicor
692 1114 778 1150 ipsum
791 1113 944 1146 hominem,
962 1121 1044 1147 quein
1057 1111 1108 1139 tibi
1123 1111 1297 1146 commendo,
1357 1121 1452 1139 omnes
1465 1111 1611 1138 industriae
1624 1112 1683 1138 suae
1695 1119 1721 1139 et
1735 1112 1860 1138 fortunae
1888 1112 1947 1138 Cic.
1961 1112 2033 1138 Fam.
2047 1121 2076 1143 4,
2091 1113 2116 1138 6.
2190 1112 2288 1146 Fugam
2313 1111 2432 1138 Martial.
2463 1110 2472 1117 “

227 1160 383 1197 perdignum
396 1156 444 1182 esse
456 1160 499 1180 tua
513 1152 639 1180 amicitia.
1310 1156 1339 1179 25
1358 1159 1376 1183 1,
1395 1158 1424 1175 11.
1498 1147 1632 1181 Quinctii.
1647 1157 1676 1180 9,
1687 1157 1706 1182 4
1736 1147 1891 1174 Perdidisset
1904 1148 2024 1174 Gratiam
2046 1147 2171 1182 simplicis
2190 1153 2270 1182 atque
2283 1147 2431 1174 inaffe&ati

266 1203 282 1224 p
292 1202 307 1221 E
317 1201 334 1220 R
344 1199 362 1219 D
372 1200 379 1218 1
390 1199 405 1218 L
415 1189 429 1217 ἶ
439 1196 461 1217 G
472 1196 488 1217 E
500 1195 560 1224 Ns,
591 1187 670 1214 entis.
708 1185 769 1213 Adi.
807 1187 888 1218 [oi-kim
913 1183 1034 1220 ἂκριβιὶς]
1074 1185 1152 1211 Valde
1179 1184 1298 1219 diligens.
1356 1184 1465 1217 coloris,
1485 1183 1638 1218 perdidisset
1653 1183 1733 1210 tidem
1747 1193 1867 1219 quoque.
1941 1183 2086 1216 Laborem,
2106 1192 2133 1209 ac
2149 1190 2272 1218 tempora
2293 1184 2367 1210 Idein
2384 1194 2402 1214 i,
2413 1192 2431 1212 1.
2467 1184 2472 1188 “

227 1232 283 1260 Cic.
296 1231 332 1263 Q
344 1229 411 1255 Frat.
428 1236 448 1259 3,
463 1236 475 1257 5
490 1233 557 1252 extr.
584 1224 632 1251 Sed
647 1231 688 1250 res
702 1222 816 1258 operosa
831 1221 878 1253 est,
898 1227 924 1248 et
939 1221 1059 1247 hominis
1072 1220 1268 1255 perdiligentis.
1356 1220 1520 1248 Libertatem
1547 1220 1604 1246 Cic.
1616 1229 1665 1255 pro
1679 1220 1772 1247 Rabir.
1788 1220 1854 1246 Post.
1870 1229 1908 1252 24.
2001 1220 2089 1246 Litem
2117 1219 2189 1246 Ideni
2206 1220 2237 1246 de
2253 1221 2328 1247 Orat.
2345 1231 2363 1255 1,
2381 1222 2431 1252 167.
2469 1224 2471 1230 ’

262 1273 330 1294 PER
340 1270 376 1291 ni
388 1270 404 1290 1.
417 1270 426 1289 1
439 1268 459 1289 G
474 1267 491 1288 Ε
503 1268 525 1287 N
535 1267 583 1287 TE
594 1266 625 1287 R.
655 1258 724 1286 Adii.
761 1258 842 1292 [πάνυ
853 1257 976 1291 ἀκριβῶς]
1014 1257 1072 1284 Cic.
1086 1256 1119 1283 de
1133 1257 1205 1284 Clar.
1221 1257 1298 1284 Orat.
1356 1257 1459 1283 Locum
1479 1255 1613 1289 Qiinffll.
1628 1259 1652 1289 6,
1668 1267 1690 1289 4.
1760 1257 1831 1283 Mala
1852 1256 1911 1283 Sen.
1924 1256 2004 1282 Cons.
2017 1257 2050 1282 ad
2066 1256 2146 1282 Helu.
2164 1265 2186 1282 c.
2200 1266 2221 1288 3.
2258 1256 2276 1282 i.
2297 1258 2335 1283 ita
2348 1258 2431 1289 feri-e,
2467 1280 2471 1284 ,

227 1312 257 1338 ¹4
273 1312 294 1330 c,
308 1311 317 1334 3
337 1306 403 1326 extr.
431 1298 537 1332 Nempe
553 1305 616 1323 euin
630 1296 706 1336 dicis,
720 1294 821 1334 inquit,
837 1302 891 1328 quo
906 1293 953 1320 iste
968 1302 1077 1333 omnem
1092 1302 1182 1320 rerum
1197 1302 1299 1321 inemo-
1355 1299 1387 1318 vt
1401 1293 1469 1318 nihil
1481 1293 1541 1318 inde
1548 1293 1653 1332 ,ἧι-1419111-
1665 1294 1701 1318 ad
1709 1294 1818 1318 animum
1832 1295 1927 1318 redeat.
1992 1293 2103 1318 Manum
2122 1291 2189 1319 Pliii.
2205 1303 2228 1326 7,
2242 1299 2283 1322 28.
2341 1287 2431 1319 1313111.
2475 1289 2477 1291 ’

227 1340 293 1367 riam
311 1336 444 1368 breuiter,
471 1340 498 1360 et
517 1339 546 1360 vt
565 1332 635 1359 mihi
654 1331 764 1367 quidem
783 1330 873 1357 visum
892 1329 943 1363 est,
963 1329 1160 1364 perdiligenter
1179 1329 1296 1364 comple·
1309 1339 1341 1364 30
1356 1330 1436 1356 Curc.
1451 1337 1471 1362 1,
1484 1338 1505 1361 3,
1520 1338 1544 1361 41
1577 1328 1646 1355 Noli
1667 1328 1763 1355 amabo
1781 1328 1926 1355 verberare
1944 1328 2074 1363 lapidem,
2095 1337 2129 1354 ne
2148 1329 2240 1362 perdas
2258 1338 2383 1361 manuni,
2411 1329 2430 1356 i.

226 1384 272 1404 xus
292 1373 343 1401 est?
1355 1366 1516 1400 Cori-umpas.
1591 1365 1754 1391 Memoriam
1781 1365 1838 1391 Cic.
1859 1363 1892 1390 de
1908 1365 2011 1391 Sene-ft.
2030 1374 2063 1391 21.
2124 1365 2230 1398 ,Mores
2256 1366 2341 1393 Plaut.
2355 1355 2431 1392 Trii-
2462 1392 2464 1399 Ι

265 1418 281 1438 P
294 1416 310 1437 E
322 1415 339 1435 R
349 1414 366 1434 D
377 1414 385 1433 1
396 1413 409 1433 S
422 1412 439 1434 C
452 1412 488 1439 Ο,
517 1404 617 1438 d'id'i'ci,
650 1405 705 1432 ere.
744 1402 958 1437 [καταμανθάνω]
998 1400 1122 1435 ΕιίιΥι-ενε.
1180 1401 1237 1428 Cic,
1259 1403 1299 1436 Q
1355 1401 1407 1428 cul.
1421 1410 1442 1434 3,
1457 1410 1480 1433 2,
1495 1410 1519 1434 9.
1626 1400 1737 1427 Nomen
1751 1400 1873 1435 perdidi,
1887 1407 1934 1436 pro
1948 1402 2042 1427 Nomen
2057 1400 2152 1426 excidit
2162 1421 2170 1433 ‚
2191 1410 2238 1426 non
2246 1401 2388 1436 sacrm-rit,
2406 1407 2431 1427 et

226 1447 292 1475 Frat.
309 1454 331 1478 3«,
345 1453 352 1469 i
381 1443 408 1469 Si
423 1452 473 1478 ego
483 1441 554 1469 nihil
566 1440 739 1476 rescripsero,
758 1446 817 1465 mea
830 1438 860 1464 in
876 1437 953 1463 illum
968 1438 1046 1472 pueri
1062 1446 1156 1464 omnes
1169 1444 1296 1472 tanquam
1355 1446 1403 1463 non
1417 1437 1517 1462 memini
1544 1436 1615 1464 Ter.
1632 1437 1740 1463 Phorm.
1752 1444 1778 1468 2,
1792 1446 1812 1469 3,
1826 1446 1864 1469 39.
1938 1436 2039 1464 Oculos
2070 1437 2127 1463 Cic.
2142 1436 2174 1463 de
2191 1438 2283 1472 Arusp.
2297 1437 2373 1472 Resp.
2390 1444 2430 1472 37.
2474 1435 2475 1438 ’

225 1483 318 1511 diffinita
330 1479 488 1515 perdiscant.
608 1477 664 1510 Qui
679 1485 734 1502 non
750 1475 805 1501 cito
818 1473 884 1509 quid
899 1473 1009 1505 didicit,
1029 1482 1166 1508 nunquam
1180 1474 1295 1500 omnino
1356 1472 1456 1500 Oculos
1477 1472 1569 1500 ambos
1586 1472 1704 1508 perdidit
1734 1474 1827 1500 Iuiieu.
1843 1474 1894 1499 Sat.
1911 1482 1949 1508 io,
1962 1479 2014 1502 228.
2087 1474 2205 1508 Operam
2221 1473 2333 1507 perdere
2360 1474 2431 1500 Hor.
2476 1475 2478 1478 ’

224 1517 305 1556 potest
323 1515 472 1551 perdiscere
490 1513 558 1541 Cic.
572 1513 604 1540 de
619 1514 696 1539 Orat.
712 1520 725 1544 3
741 1521 762 1537 c.
776 1512 816 1544 36.
900 1509 984 1537 Plaiit.
998 1510 1086 1537 Truc.
1102 1519 1122 1543 i,
1138 1520 1145 1536 1
1159 1516 1201 1545 pr.
1229 1511 1294 1537 Non
1311 1519 1337 1542 35
1354 1509 1438 1536 Serm.
1456 1518 1473 1542 i,
1489 1519 1508 1544 i,
1523 1518 1568 1544 90.
1626 1510 1696 1535 ΑΜ.
1717 1509 1774 1535 Cic.
1789 1517 1839 1543 pro
1852 1509 1924 1535 Mur.
1940 1518 1965 1542 23
1986 1519 2008 1536 c.
2023 1519 2060 1536 10.
2120 1509 2201 1536 Plaut.
2216 1509 2308 1536 Bacch.
2324 1519 2341 1545 i,
2356 1519 2378 1544 2,
2393 1519 2430 1542 24.

224 1555 309 1583 omnis
322 1558 391 1579 aetas
403 1551 436 1578 ad
450 1548 653 1586 perdiscendum
672 1549 707 1574 sat
723 1547 770 1574 est.
848 1545 923 1573 Idem
943 1546 1013 1573 Asin.
1030 1556 1049 1582 i,
1061 1555 1084 1581 3,
1097 1555 1124 1578 35
1160 1546 1294 1572 Perdidici
1353 1553 1378 1571 et
1397 1556 1421 1578 4,
1434 1555 1455 1578 3,
1471 1555 1499 1572 ii.
1571 1545 1628 1573 Cic.
1643 1545 1675 1571 de
1688 1546 1762 1571 Orat.
1778 1553 1798 1578 i,
1813 1547 1855 1571 126
1883 1545 1950 1578 Qii,
1970 1555 2053 1580 quum
2067 1546 2188 1572 mercede
2203 1545 2322 1576 doceret,
2341 1552 2431 1573 tamen
2453 1556 2469 1574 ο

223 1591 296 1618 istaec
309 1590 357 1616 effe
372 1596 434 1614 vera
448 1587 547 1613 damno
560 1592 732 1620 cummagno
747 1591 818 1610 meo.
890 1582 1042 1609 Perdiscere
1056 1589 1082 1609 et
1097 1583 1168 1608 nosse
1182 1583 1295 1618 potuisse
1354 1590 1410 1608 non
1431 1581 1582 1616 patiebatur
1602 1591 1663 1614 eos,
1688 1590 1755 1613 quos
1775 1580 1911 1607 iudicabat
1935 1591 1990 1608 non
2010 1588 2133 1609 oratores
2154 1582 2284 1615 euadere,
2312 1583 2436 1618 Operam.
2455 1600 2458 1603 -
2478 1604 2481 1607 .

223 1627 309 1655 omnia
323 1626 381 1651 iura
396 1623 461 1651 belli
487 1622 544 1649 Cic.
560 1631 609 1657 pro
625 1621 711 1648 Corn.
728 1618 802 1647 Balb.
817 1627 846 1652 47
865 1627 886 1646 c.
900 1627 945 1645 20.
1027 1618 1201 1654 Disciplinam
1222 1618 1294 1646 ruris
1352 1617 1422 1653 apud
1437 1618 1462 1644 se
1476 1617 1596 1653 perdere.
1691 1618 1808 1652 Operam
1822 1622 1848 1643 et
1862 1617 1953 1644 oleum
1967 1618 2078 1652 perdere
2088 1639 2095 1651 ,
2113 1618 2310 1652 prouerbialiter
2327 1619 2430 1651 dicium,

223 1663 366 1700 perdiscere
394 1658 529 1687 Columel.
544 1668 574 1692 ii,
588 1667 607 1684 i.
680 1657 737 1683 Cic.
755 1656 826 1682 Fam.
844 1664 869 1689 7,
883 1664 905 1688 ¹4
935 1655 1017 1688 Qiod
1032 1662 1103 1682 certe
1118 1655 1154 1681 ita
1168 1655 1255 1686 fieret,
1275 1655 1294 1682 si
1351 1661 1397 1690 pro
1413 1656 1443 1680 ln
1457 1663 1550 1681 vanum
1565 1654 1693 1680 laborare.-
1715 1654 1821 1679 1rai‘7um
1841 1654 1871 1678 ab
1894 1653 1942 1684 iis,
1962 1655 2005 1688 qui
2018 1655 2183 1689 pernumium
2198 1656 2301 1681 multiim
2315 1655 2364 1680 olei
2375 1663 2430 1680 con·
2463 1651 2473 1664 ³

223 1706 251 1728 tu
265 1698 391 1725 maluisses
411 1695 633 1726 beneuolentiae,
653 1702 734 1728 quam
753 1691 843 1718 litium
859 1692 921 1718 Iura
939 1691 1098 1726 perdiscere.
1196 1690 1294 1718 Libros
1304 1705 1338 1728 40
1346 1689 1460 1725 sumunt.
1536 1691 1592 1717 Cic.
1602 1691 1674 1717 Fam·
1685 1699 1725 1723 7,ι
1746 1691 1776 1716 ΙΠ
1791 1688 1889 1724 qulbus
1905 1689 1960 1724 ipse
1968 1690 2110 1725 Pompeius
2125 1690 2279 1724 confitetur,
2294 1691 2319 1717 se
2331 1697 2357 1717 et
2368 1699 2431 1725 Ope·
2469 1718 2471 1721 .

222 1735 330 1764 alicuius
354 1732 427 1760 Idem
441 1732 474 1759 de
487 1732 564 1758 Orat.
580 1742 601 1766 1,
615 1738 669 1763 249.
743 1728 845 1755 Literas
875 1727 943 1754 Plin.
959 1736 1000 1760 29,
1016 1737 1032 1753 i.
1105 1727 1197 1753 Mores
1219 1734 1294 1754 natu·
1353 1735 1409 1752 ram
1424 1732 1450 1752 et
1462 1727 1552 1752 oleum
1567 1725 1718 1759 perdidisse.
1792 1725 1866 1751 Idem
1881 1734 1930 1760 pro
1944 1727 2067 1753 Muraen.
2084 1736 2108 1758 23
2124 1736 2147 1753 e.
2164 1736 2192 1753 10
2224 1726 2307 1760 Qiod
2320 1725 2431 1761 quidem

222 1781 265 1801 rae
290 1772 410 1805 Propert.
423 1778 445 1802 3,
460 1775 483 1802 ς,
498 1776 534 1798 25.
610 1766 694 1792 Ortus
706 1762 851 1797 obitusque
865 1763 1001 1798 signorum
1021 1762 1078 1790 Cic.
1093 1762 1126 1789 de
1139 1763 1205 1789 Fato
1221 1766 1256 1790 16.
1351 1761 1394 1787 ius
1408 1761 1511 1795 Ciuile,
1531 1761 1660 1793 didicisti,
1681 1769 1736 1786 non
1750 1760 1837 1787 dicam
1849 1770 1960 1795 operam
1975 1762 2124 1796 perdidisti.
2164 1763 2238 1796 Conf.
2254 1763 2334 1790 Plaut.
2348 1763 2430 1790 Poen.

259 1814 275 1835 r
285 1813 328 1834 ER
338 1813 375 1833 DI
385 1811 425 1832 SE
437 1811 457 1831 R
469 1810 491 1831 Τ
504 1809 531 1830 Ε.
568 1802 636 1829 Adii.
690 1801 747 1826 Cic.
764 1799 797 1825 de
812 1799 886 1825 Orat.
903 1808 910 1825 1
927 1808 949 1825 c.
965 1807 1003 1832 14.
1352 1805 1372 1827 1,
1388 1806 1410 1829 2,
1427 1806 1472 1830 119.
1556 1798 1626 1830 Opes
1640 1798 1695 1822 suas
1709 1795 1821 1830 perdere
1835 1797 1862 1821 111
1876 1797 1970 1830 aliquo
1991 1797 2072 1824 Ouid.
2084 1801 2177 1825 Amor.
2192 1807 2212 1831 1,
2224 1809 2246 1832 2,
2261 1808 2302 1832 50.
2375 1800 2430 1834 Op.
2459 1810 2465 1823 Δ.

256 1851 271 1871 1³
280 1850 296 1871 E
305 1850 323 1869 R
334 1848 352 1869 n
365 1849 374 1869 1
385 1848 407 1868 T
417 1848 427 1867 1
438 1848 458 1868 o
468 1861 477 1873 ‚
506 1846 523 1866 Ρ
533 1846 551 1866 E
561 1845 580 1865 R
591 1844 628 1865 Di
637 1843 658 1863 'r
669 1842 690 1864 0
701 1843 737 1872 R,
767 1842 783 1861 P
796 1842 813 1861 Ε
825 1842 843 1862 R
854 1841 872 1861 D
884 1841 894 1861 1
908 1841 931 1862 'r
943 1842 963 1862 v
972 1841 1002 1868 s,
1021 1834 1078 1861 vid.
1096 1840 1112 1859 P
1121 1840 1138 1860 E
1147 1840 1165 1859 R
1176 1840 1194 1860 D
1203 1840 1235 1861 o.
1352 1832 1446 1868 pidum
1461 1832 1582 1867 perdere,
1603 1840 1626 1858 et
1640 1831 1779 1865 Recipere,
1801 1833 1932 1858 contraria
1959 1832 2017 1858 Cic.
2031 1833 2063 1858 de
2078 1833 2156 1859 Orat.
2170 1843 2192 1860 2.
2266 1835 2430 1862 Paenissume
2460 1837 2463 1851 ¹*

256 1887 297 1908 PE
307 1885 327 1907 R
339 1886 357 1905 1)
369 1885 378 1905 1
391 1884 422 1904 v.
447 1876 516 1904 Adu.
555 1876 635 1907 [πάνυ
649 1876 686 1899 διὰ
699 1873 799 1907 420:qu]
836 1872 976 1897 Admodum
991 1870 1044 1897 diu.
1090 1870 1147 1896 Cic.
1158 1871 1210 1898 Att.
1228 1878 1251 1905 3,
1265 1879 1291 1896 22
1305 1881 1335 1905 45
1353 1868 1480 1903 perdere,
1500 1868 1555 1894 vid.
1573 1875 1589 1894 P
1601 1874 1623 1895 A
1637 1874 1654 1895 Ε
1666 1874 1723 1893 ΝΡ.
1804 1867 1928 1893 Parentes
1948 1868 2044 1901 multi,
2063 1869 2141 1894 inulti
2161 1869 2262 1896 amicos
2272 1892 2279 1902 ,
2301 1871 2430 1898 nonnulli

223 1916 286 1953 Ego,
303 1913 374 1950 quod
387 1918 436 1948 per
449 1911 618 1940 Thessaliam
634 1909 652 1936 si
667 1910 735 1936 irem
750 1908 778 1934 in
794 1908 914 1942 Epirum,
935 1906 1030 1941 perdiu
1045 1905 1116 1933 nihil
1128 1915 1200 1932 eram
1217 1906 1292 1932 audi·
1352 1905 1483 1940 patriam,
1503 1904 1625 1939 plerique
1646 1905 1670 1930 se
1690 1904 1758 1938 ipsos
1781 1903 1887 1937 penitus
1910 1903 2086 1937 perdiderunt
2115 1905 2173 1931 Cic.
2192 1905 2225 1931 de
2245 1906 2335 1933 Finib.
2355 1917 2372 1939 1,
2386 1916 2429 1939 49.

222 1961 303 1981 turus.
374 1949 448 1978 Idem
464 1948 497 1975 de
512 1948 588 1975 Orat.
603 1955 623 1980 1,
636 1951 649 1976 8
678 1946 771 1978 Qium
786 1944 851 1971 boni
867 1942 962 1978 perdiu
977 1942 1046 1969 nulli
1056 1963 1064 1976 ,
1083 1942 1130 1969 vix
1144 1950 1231 1969 autem
1245 1941 1293 1969 sin-
1351 1944 1419 1967 Ante
1433 1942 1508 1968 Parta
1533 1940 1614 1966 Plaut.
1628 1940 1711 1967 Trin.
1728 1950 1748 1972 3,
1763 1948 1786 1974 2¹,
1799 1949 1832 1971 17.
1931 1940 1988 1967 Cic.
2004 1940 2075 1966 Fam.
2091 1949 2125 1973 ¹4,
2141 1951 2151 1968 1
2180 1941 2229 1967 Per
2244 1941 2366 1967 fortunas
2379 1943 2430 1969 mi.

221 1989 287 2026 gulis
302 1986 431 2015 aetatibus
446 1984 541 2019 singuli
555 1981 709 2010 tolerabiles
722 1987 843 2007 oratores
857 1979 1058 2006 inuenirentur.
1350 1977 1417 2003 seras
1433 1977 1534 2004 nosti-as
1550 1976 1628 2009 vide,
1645 1986 1679 2003 ne
1695 1984 1808 2010 puerum
1823 1975 1961 2002 Perditum
1980 1975 2132 2010 perdamus.
2206 1975 2351 2002 Prandium
2368 1984 2426 2012 per.

259 2031 330 2052 PER
342 2028 443 2050 D1V‘r
455 2027 477 2046 V
489 2026 572 2047 RNV
585 2026 618 2052 s,
645 2027 676 2051 a,
697 2026 753 2043 uni.
791 2016 853 2042 Adi.
891 2013 1083 2049 [πολυχρόνιος]
1121 2015 1197 2050 Qud
1214 2015 1292 2040 valde
1352 2013 1416 2039 dere
1446 2013 1527 2040 Plaut.
1548 2013 1619 2038 Men.
1642 2022 1661 2044 3,
1684 2022 1701 2045 1,
1720 2021 1751 2043 13·
1851 2012 1918 2037 Rem
1938 2018 2077 2046 paternam
2109 2010 2184 2037 Idem
2203 2010 2287 2037 Trin.
2301 2011 2368 2038 Prol.
2390 2021 2421 2044 ¹3-

222 2061 263 2088 diu
281 2063 364 2087 durat.
439 2058 508 2084 Cum
525 2051 650 2091 Tigraiie
669 2062 750 2088 graue
768 2052 871 2079 bellum
891 2051 1154 2087 perdiuturnumque
1172 2050 1291 2084 gessimus
1304 2062 1335 2084 50
1351 2050 1383 2076 Se
1399 2049 1511 2084 perdere
1538 2048 1613 2074 Idem
1627 2048 1708 2074 Milit.
1725 2056 1747 2080 2,
1762 2056 1784 2078 ς,
1800 2056 1836 2079 19.
1944 2047 2011 2072 Plin.
2026 2046 2054 2071 in
2070 2046 2163 2081 Paneg,
2185 2056 2206 2073 c.
2221 2056 2248 2080 93
2266 2054 2307 2082 pr.
2333 2048 2423 2074 Manet

221 2097 276 2125 Cic.
290 2105 340 2132 pro
353 2096 422 2122 Sext.
442 2103 463 2121 c.
478 2100 522 2128 27.
597 2090 670 2118 Idem
688 2089 719 2116 de
735 2090 798 2116 Nat.
813 2089 895 2115 Deor.
911 2096 937 2121 2,
950 2093 980 2120 ες
992 2097 1015 2114 c.
1026 2096 1050 2119 33
1078 2087 1154 2120 Qiae
1169 2094 1212 2113 aut
1227 2087 1291 2112 sem·
1351 2085 1525 2119 manebitque
1546 2083 1647 2109 honori
1662 2083 1802 2108 veneratio
1815 2083 1876 2115 sua,
1894 2090 1944 2107 nec
1959 2081 2132 2109 Securitatem
2152 2083 2312 2110 auftoritate
2332 2083 2424 2117 perde-

222 2133 321 2170 piterna
342 2132 372 2159 sit
389 2130 491 2157 necesse
511 2128 564 2164 est,
584 2127 636 2154 hoc
651 2125 746 2153 codem
766 2131 880 2157 ornatu,
900 2133 980 2159 quem
1000 2123 1138 2153 videmus,
1157 2129 1202 2149 aut
1222 2129 1292 2149 certe
1350 2130 1417 2148 mus.
1490 2120 1567 2154 Spem
1596 2118 1758 2145 Planeiuid.
1775 2126 1793 2150 i,
1809 2129 1832 2150 q,
1847 2127 1868 2150 3.
1942 2118 2000 2144 Cic.
2011 2118 2083 2146 Fam.
2100 2129 2119 2151 i,
2133 2129 2148 2153 9
2169 2119 2235 2146 Non
2249 2119 2290 2145 illi
2304 2119 2426 2153 quidem,

222 2169 394 2206 perdiutnrna
408 2173 567 2202 permanens
580 2164 612 2191 ad
627 2163 807 2197 longinquum
823 2167 849 2187 et
863 2160 1023 2186 immensum
1039 2167 1120 2194 paene
1133 2165 1246 2192 teinpus.
1349 2163 1378 2185 vt
1393 2156 1461 2184 inihi
1477 2154 1648 2183 Stomachum
1662 2154 1789 2186 facerent,
1809 2163 1889 2189 quem
1902 2163 1953 2188 ego
1967 2154 2088 2182 funditus
2102 2154 2219 2190 perdidi,
2237 2154 2280 2182 scd
2294 2161 2374 2188 certe,
2395 2159 2430 2182 vt.
2449 2154 2472 2193 ’.ζ

256 2212 296 2233 PE
305 2212 324 2232 R
334 2211 353 2231 D
362 2205 431 2231 fVE
441 2209 470 2236 s,
491 2201 548 2228 itis.
584 2199 646 2226 Adi.
684 2196 908 2233 [πολυχρήματος]
950 2197 1027 2221 Valde
1041 2196 1121 2221 diues.
1166 2196 1223 2222 Cic.
1238 2196 1291 2222 Att.
1352 2194 1442 2221 facere
1462 2194 1486 2220 se
1508 2192 1713 2218 arbitrarentur.
1789 2190 1941 2217 Talentum
1960 2191 2091 2225 perdere,
2111 2193 2238 2227 Exponere
2251 2199 2276 2218 et
2288 2191 2437 2225 consumes-4¹4
2452 2193 2460 2226 j.

223 2243 270 2275 6,i
297 2240 383 2268 Amici
397 2239 467 2276 regis
486 2238 541 2265 duo
555 2241 643 2263 tresue
657 2233 820 2270 perdiuites,
840 2232 884 2259 sed
906 2232 928 2258 ii
939 2232 1015 2258 suum
1030 2237 1084 2258 tam
1098 2231 1242 2267 diligenter
1255 2237 1293 2258 te·
1308 2240 1336 2264 55
1350 2230 1418 2257 Ter.
1439 2230 1534 2256 Heaiit.
1553 2238 1575 2261 3,
1593 2238 1612 2261 1,
1626 2229 1666 2258 65.
1691 2263 1696 2268 .
1737 2227 1862 2262 Tempus
1894 2226 1953 2253 Cic.
1971 2226 2003 2252 de
2019 2227 2100 2267 *Oi-as.
2122 2238 2143 2261 3,
2159 2237 2210 2260 ¹44·
2271 2227 2481 2268 *Temporafffaejg

224 2283 293 2312 nent,
314 2285 393 2312 quam
407 2285 459 2311 ego
471 2280 516 2301 aut
530 2279 567 2299 tu.
1350 2265 1461 2301 perdere
1481 2264 1615 2301 precando
1643 2262 1725 2290 Ouid.
1739 2264 1804 2290 Met.
1820 2272 1849 2296 ii,
1865 2266 1922 2292 286.
1993 2263 2050 2289 Cic.
2066 2264 2137 2291 Fam.
2152 2273 2174 2296 ς,
2189 2271 2214 2296 15
2243 2263 2367 2290 Dicerem
2387 2255 2443 2294 iii-2²
2468 2282 2471 2286 .

258 2321 273 2341 P
282 2320 298 2340 E
308 2319 328 2340 R
338 2319 356 2340 D
367 2319 378 2339 1
392 2318 414 2338 v
426 2318 456 2343 s,
475 2320 494 2338 1.
517 2318 555 2336 ni.
592 2307 765 2342 [πανημέριος]
802 2313 834 2331 ex
847 2304 897 2331 Per
909 2311 934 2330 et
948 2304 1016 2330 Dius
1025 2325 1033 2337 ,
1054 2305 1121 2339 quod
1133 2303 1168 2340 est
1178 2304 1246 2330 diem
1266 2305 1292 2329 Ii·
1351 2301 1462 2329 cundius
1471 2324 1480 2336 ,
1501 2300 1548 2328 nisi
1563 2301 1591 2328 id
1604 2299 1726 2326 Verbum
1743 2300 1770 2325 in
1784 2308 1865 2326 omne
1884 2304 1987 2333 tempus
2007 2299 2188 2334 perdidissem.
2264 2299 2355 2326 Verba
2368 2307 2428 2334 per.

223 2350 324 2383 dicitur,
343 2348 387 2385 qui
398 2354 444 2384 pei·
458 2348 522 2373 diem
536 2343 639 2378 aliquid
651 2343 721 2377 agit:
735 2343 801 2375 sicut
815 2341 929 2373 Pernox,
947 2341 991 2375 qui
1005 2346 1051 2375 per
1065 2340 1163 2367 noflem.
1212 2340 1292 2374 Apul.
1351 2339 1431 2369 dere,
1455 2345 1499 2373 pro
1519 2337 1629 2363 Priuari
1648 2336 1746 2371 loquela
1778 2337 1899 2370 Propert.
1917 2344 1940 2369 2,
1952 2344 1987 2367 33,
2000 2345 2037 2361 10.
2146 2335 2227 2361 Vires
2248 2335 2316 2361 cinis
2337 2335 2412 2370 perdi

224 2386 286 2413 Met.
301 2394 313 2416 5
330 2394 356 2421 p.
371 2387 419 2418 161,
434 2393 453 2410 ii
485 2382 517 2409 Et
529 2379 623 2417 perdia
641 2384 667 2405 et
682 2386 800 2413 pernox,
820 2386 869 2404 nec
890 2376 961 2402 inter
980 2376 1116 2411 amplexus
1138 2376 1293 2411 coniugales
1351 2375 1517 2402 Ouid.Rcm.
1528 2376 1620 2400 Amor.
1634 2381 1687 2404 244.
1762 2372 1833 2399 Ter.
1848 2372 1912 2398 Hec.
1927 2381 1948 2404 3,
1962 2381 1982 2404 1,
1995 2380 2007 2397 2
2037 2372 2100 2397 Heu
2115 2380 2158 2397 ine
2171 2369 2325 2404 infelicem,
2345 2370 2397 2399 han

225 2421 315 2448 definis
329 2421 484 2448 cruciatum.
557 2415 627 2444 Geli.
641 2423 667 2451 2,
681 2423 688 2440 1
716 2415 791 2442 Stare
804 2413 899 2440 solitus
914 2413 1033 2439 Socrates
1047 2411 1147 2438 dicitur
1160 2413 1291 2447 pertinaci
1302 2416 1338 2442 60
1351 2412 1410 2438 cine
1424 2420 1474 2446 ego
1481 2411 1574 2437 Vitam
1587 2408 1652 2444 parsi
1667 2407 1797 2444 perdere?
1871 2407 1988 2434 Martial.
2003 2415 2024 2440 i,
2040 2417 2061 2439 ¹3
2085 2408 2131 2433 Sus
2146 2406 2246 2442 pariter
2259 2407 2350 2434 Vitam
2363 2417 2425 2442 pei·-

225 2457 288 2484 statu
305 2457 412 2492 perdius
434 2463 514 2489 atque
539 2461 660 2488 pernox,
690 2459 704 2476 a
722 2451 827 2478 summo
853 2449 920 2476 lucis
940 2454 1002 2476 ortu
1023 2448 1056 2475 ad
1074 2449 1156 2475 solem
1176 2449 1290 2484 alterum
1351 2447 1420 2475 didit
1432 2454 1510 2481 atque
1527 2446 1608 2473 dedit.

227 2494 355 2521 orientem
367 2491 556 2525 inconniuens,
577 2486 739 2521 immobilis,
759 2494 804 2513 etc.
843 2487 911 2512 Add.
926 2485 1060 2512 Aniiiiian.
1075 2494 1109 2519 3i,
1125 2494 1144 2516 3.
1388 2491 1403 2510 Ρ
1414 2491 1429 2510 E
1439 2491 1457 2510 R
1469 2490 1487 2510 D
1497 2490 1517 2509 v
1527 2490 1562 2518 Ο,
1585 2483 1638 2509 ere.
1674 2479 1795 2515 [ἕλλνμι]
1834 2480 1964 2506 nil-cerum
1976 2479 2086 2513 antiqui,
2105 2485 2151 2514 pro
2167 2479 2260 2505 Perde:
2295 2485 2326 2504 vt
2338 2479 2422 2507 Plaut.
2455 2491 2460 2497 ·

262 2536 301 2556 PE
312 2537 329 2557 R
343 2537 407 2557 D1x
417 2550 424 2562 ,
446 2528 505 2554 icis.
531 2526 551 2553 f.
589 2524 707 2559 [πέρδιξ]
743 2523 810 2549 Auis
823 2529 891 2549 nota.
943 2521 1011 2549 Ptin.
1026 2530 1064 2551 10,
1077 2530 1100 2552 33
1115 2522 1132 2548 s.
1146 2529 1169 2552 5i
1199 2520 1290 2547 Perdi·
1348 2520 1448 2556 Amph.
1463 2528 1488 2553 2,
1504 2528 1528 2553 2,
1544 2527 1592 2553 2¹4
1622 2517 1786 2553 Amphitruo
1805 2525 1832 2543 es
1852 2515 1994 2551 profecto,
2014 2514 2108 2541 caiiesis
2128 2523 2162 2541 ne
2175 2520 2232 2541 tute
2243 2515 2289 2541 vsu
2303 2515 2419 2549 perduis.
2453 2519 2456 2538 ἶ

226 2574 266 2593 ces
279 2566 346 2602 spina
359 2574 384 2593 et
399 2556 495 2592 frutice
510 2562 542 2589 sic
556 2560 683 2588 muniunt
703 2558 915 2594 receptaculum,
935 2563 964 2584 vt
985 2563 1079 2584 contra
1096 2557 1165 2584 feras
1185 2556 1291 2583 abunde
1350 2557 1392 2583 Sic
1404 2558 1472 2592 apud
1481 2557 1583 2583 eundem
1596 2555 1714 2587 maxime,
1734 2561 1759 2581 et
1772 2555 1840 2588 apud
1851 2553 1921 2579 Ter.
1935 2559 1964 2577 vt
1977 2552 2043 2578 i-iec.
2061 2561 2078 2583 1,
2093 2559 2118 2583 2,
2127 2561 2156 2585 59
2177 2551 2224 2578 Te
2238 2551 2285 2578 Dii
2297 2550 2420 2586 Deaeque

225 2601 363 2629 vallentur:
384 2602 445 2628 ouis
459 2598 604 2634 stragulum
620 2595 698 2636 molli
711 2594 824 2631 puluere
837 2593 1038 2621 contumulant:
1058 2602 1106 2620 nec
1121 2593 1149 2620 in
1162 2602 1217 2626 quo
1230 2593 1289 2619 loco
1305 2599 1334 2629 65
1349 2592 1492 2628 perduint,
1511 2601 1572 2619 cuin
1587 2591 1637 2618 isto
1653 2590 1729 2617 odio.
1767 2589 1840 2622 Conf.
1854 2589 1910 2615 Cic.
1924 2588 1978 2615 Att.
1996 2596 2029 2620 15,
2043 2598 2056 2619 4
2071 2593 2113 2622 pr.
2245 2597 2249 2603 ³

225 2646 361 2674 peperere,
381 2637 523 2665 incubant:
562 2642 631 2661 neue
657 2641 701 2658 cui
726 2630 896 2666 frequentior
922 2629 1091 2657 conuersatio
1114 2628 1143 2656 sit
1162 2629 1289 2663 suspeeh,
1346 2653 1349 2657 ,
1390 2635 1433 2656 PE
1448 2636 1466 2656 R
1482 2630 1659 2660 DENDVS,
1678 2635 1707 2659 a,
1728 2635 1783 2652 um.
1822 2624 1917 2651 Partic.
1956 2622 2163 2656 [daansqwrsoc]
2202 2623 2293 2649 Genus
2308 2622 2420 2650 mortale

225 2675 381 2701 transferunt
394 2674 459 2701 alio.
531 2671 597 2699 Illae
610 2668 720 2705 quidem
734 2673 760 2695 et
774 2667 886 2694 maritos
900 2666 959 2693 suos
973 2666 1069 2693 fallunt
1079 2686 1087 2699 ,
1126 2666 1236 2692 uoniam
1250 2665 1290 2692 in-
1348 2664 1514 2700 perdendum
1528 2663 1564 2690 est
1594 2662 1677 2689 Ouid.
1692 2663 1757 2689 Met.
1772 2671 1791 2695 i,
1806 2665 1853 2691 188.
1952 2659 2031 2686 Pei-as
2049 2659 2197 2694 perdendas
2216 2658 2341 2694 praebeat
2359 2658 2421 2686 silua

225 2711 393 2745 temperantia
408 2707 530 2736 libidinis
545 2707 671 2742 frangunt
686 2713 778 2731 earum
793 2712 862 2737 oua,
882 2712 915 2730 ne
934 2701 1088 2730 incubando
1127 2701 1289 2729 etineantur.
1347 2701 1421 2728 Idem
1438 2700 1518 2735 Epist.
1533 2710 1557 2732 4,
1574 2708 1625 2731 170.

226 2746 326 2781 Perdix,
344 2746 518 2774 masculinum
532 2743 582 2771 esse
595 2741 685 2778 probat
698 2739 807 2768 Nonius
822 2749 854 2765 ex
867 2740 1008 2772 Varrone,
1028 2738 1148 2765 Perdices
1162 2738 1290 2765 Boeotios
1389 2744 1404 2763 P
1416 2743 1461 2763 ER
1475 2743 1495 2763 D
1508 2734 1581 2762 1⁰⁷rv
1592 2741 1624 2768 s,
1651 2742 1682 2766 a,
1708 2742 1763 2759 um.
1803 2731 1899 2759 Partic.
1936 2730 2079 2766 [ἆλέθριος,
2106 2733 2172 2762 Eds-oe
2186 2752 2195 2765 ,
2221 2730 2323 2764 ἐξέλῃς,
2349 2727 2423 2758 nav-'-

226 2782 327 2809 dicente.
397 2783 486 2809 Seren.
500 2781 635 2807 Sammon.
655 2786 695 2811 2¹4
727 2777 778 2803 Seu
793 2775 829 2802 fel
843 2775 974 2811 perdicis,
993 2775 1073 2810 parili
1093 2784 1153 2801 cuni
1171 2774 1290 2809 pondere
1303 2786 1335 2811 70
1349 2773 1449 2807 Λεθρος]
1488 2772 1602 2800 dicitur,
1639 2769 1693 2802 Qii
1714 2769 1750 2795 ita
1770 2768 1851 2795 alicui
1870 2768 2068 2803 perturbationi
2087 2775 2132 2794 aut
2152 2768 2222 2795 vitio
2241 2767 2372 2801 subiacet,
2392 2771 2422 2794 vt

227 2818 320 2844 mellis.
426 2819 457 2845 Et
476 2824 519 2850 387
557 2813 680 2843 Vulturis
698 2819 776 2848 atque
796 2812 887 2846 iecur,
914 2811 958 2838 vel
980 2811 1020 2837 ius
1042 2810 1157 2846 perdicis
1176 2811 1290 2844 api-icae.
1349 2808 1413 2835 inde
1427 2810 1451 2834 se
1465 2807 1583 2834 eximere
1597 2814 1652 2832 non
1667 2804 1750 2839 possit,
1772 2806 1857 2838 etqui
1873 2805 1949 2831 0111111
1964 2805 2034 2831 vitio
2049 2804 2246 2831 contaminatus
2262 2804 2308 2836 est,
2328 2803 2374 2836 ita,
2393 2807 2437 2830 vt*
2495 2811 2498 2843 ἦ

228 2853 341 2880 Martial.
354 2863 384 2887 13,
396 2856 427 2885 65
443 2856 475 2881 de
485 2853 600 2889 perdice,
627 2849 741 2878 Ponitur
756 2848 881 2875 Ausoniis
893 2847 951 2875 auis
965 2846 1029 2874 haec
1045 2845 1173 2873 rarisliiiia
1188 2847 1292 2878 niensis,
1350 2845 1382 2872 de
1396 2853 1429 2871 eo
1445 2844 1516 2870 nulla
1529 2841 1642 2877 amplius
1656 2842 1710 2876 spes
1725 2841 1845 2869 habenda
1859 2840 1898 2868 sit.
1972 2841 2109 2869 Perdituin
2124 2841 2198 2867 enim
2211 2841 2239 2867 id
2254 2840 2343 2867 dicere
2356 2839 2423 2866 sole·
2462 2860 2465 2866 .

227 2889 300 2916 Hanc
312 2890 340 2916 in
354 2890 487 2917 lautorum
499 2887 625 2916 mandere
640 2887 714 2921 saepe
728 2884 804 2912 soles,
1350 2889 1426 2911 mus,
1446 2879 1528 2912 Qiod
1543 2878 1658 2909 interiit,
1677 2887 1705 2904 ac
1719 2877 1871 2913 recuperari
1885 2887 1938 2904 11011
1953 2877 2046 2913 potest.
2075 2877 2174 2904 Festus.
2272 2876 2329 2903 Cic.
2344 2877 2423 2903 Verr.
2490 2886 2497 2900 ν

263 2932 331 2953 PER
346 2932 382 2953 DI
394 2932 411 2954 c
424 2927 527 2959 71115,
548 2933 573 2952 e.
611 2923 670 2950 Adi.
710 2921 802 2948 Herba
818 2919 961 2956 perdicalis
981 2920 1060 2955 Apul.
1074 2919 1107 2946 de
1120 2918 1206 2946 Herb.
1222 2928 1244 2946 c.
1257 2925 1291 2949 81.
1354 2927 1377 2951 3,
1391 2919 1421 2945 ὂς
1446 2916 1494 2942 Τ11
1510 2915 1661 2950 Apronium
1676 2913 1816 2940 hominem
1829 2915 1876 2940 vix
1888 2913 2018 2947 liberum,
2037 2914 2260 2947 contaminatum,
2276 2913 2422 2948 perditum.
2458 2931 2460 2935 ,
2481 2925 2485 2937 1
2500 2915 2517 2939 ’1,

265 2968 281 2988 Ρ
293 2968 308 2989 Ε
319 2968 337 2989 R
351 2969 369 2989 D
383 2969 394 2988 1
406 2967 424 2988 c
437 2968 447 2988 1
461 2967 484 2986 V
497 2967 542 2992 M,
569 2960 624 2986 vid.
640 2957 721 2993 paullo
734 2965 792 2983 ante
807 2957 832 2993 s.
846 2958 867 2984 Ι.
1307 2964 1336 2986 75
1351 2952 1520 2988 flagitiosum,
1541 2950 1588 2986 qui
1604 2960 1657 2977 non
1672 2950 1754 2977 niodo
1769 2951 1891 2978 animum
1908 2951 2059 2985 integrum,
2077 2950 2120 2976 sed
2135 2958 2168 2976 ne
2181 2950 2298 2976 animam
2312 2948 2422 2984 quidem
2494 2961 2500 2970 ι

264 3004 333 3025 PER
349 3004 368 3025 D
382 3003 421 3030 o,
446 2996 503 3029 idi,
528 2997 614 3028 itum,
638 2997 693 3021 ere.
731 2994 898 3028 μεταβάλλω,
918 2991 1049 3027 annania]
1085 3000 1117 3018 ex
1138 2992 1187 3018 Per
1206 2998 1229 3017 ct
1248 2991 1292 3018 Do
1350 2997 1443 3026 puram
1464 2989 1621 3014 conseruare
1642 2987 1771 3021 potuisset.
1892 2987 1984 3013 Miseri
2005 2993 2031 3013 et
2052 2986 2150 3021 perditi
2179 2986 2237 3013 Cic.
2250 2987 2330 3013 Verr.
2350 2992 2374 3018 ς,
2389 2993 2422 3017 31.

229 3034 389 3068 compqlitum,
414 3031 599 3067 Praeprfitione
617 3030 796 3063 corruptionem
804 3029 982 3065 fignificame,
1007 3036 1036 3054 vt
1054 3027 1082 3054 in
1102 3028 1196 3054 Pereo.
1253 3027 1293 3064 Jss
1353 3027 1420 3053 Aere
1434 3025 1521 3052 alieno
1535 3022 1670 3059 perditus,
1688 3029 1714 3049 et
1728 3032 1807 3058 egens
1834 3023 1872 3050 ld.
1886 3023 2002 3058 Philipp.
2017 3032 2041 3056 2,
2054 3029 2095 3057 78.
2168 3023 2287 3057 Egestate
2300 3021 2421 3057 perditus
2466 3028 2473 3034 '⁷
2489 3035 2495 3047 a

230 3069 291 3094 enim
306 3069 425 3102 Perdere,
444 3069 488 3094 vel
500 3072 655 3102 corrumpere
666 3066 781 3099 aliquid,
801 3066 845 3092 vel
855 3072 920 3092 certe
933 3065 1062 3100 amittere,
1081 3072 1111 3090 vt
1125 3073 1172 3090 non
1186 3064 1293 3098 amplius
1351 3069 1377 3089 et
1390 3062 1460 3088 fame
1479 3060 1552 3088 Idein
1566 3061 1644 3086 Verr.
1659 3069 1681 3092 ς,
1698 3061 1738 3089 86.
1812 3060 1942 3087 Moci-ore
1952 3069 1980 3086 ac
1995 3059 2110 3085 miseriis
2122 3059 2242 3093 perditus
2255 3055 2420 3092 1dem,ibid.
2494 3067 2496 3074 ¹

231 3104 322 3132 habeas.
393 3105 475 3132 Plaut.
496 3102 593 3138 Amph.
614 3111 638 3134 4,
651 3110 675 3133 4,
690 3110 702 3129 ς
729 3100 809 3127 Hune
829 3110 883 3128 non
904 3101 1028 3135 repperi,
1047 3105 1073 3127 et
1092 3100 1154 3126 illos
1176 3099 1291 3135 perdidi.
1352 3108 1421 3132 5,27.
1527 3096 1672 3123 Confectus
1690 3095 1803 3129 morbo,
1823 3096 1944 3131 perditus
1959 3104 2085 3122 moerore
2099 3104 2128 3122 ac
2141 3095 2259 3122 lacrimis
2290 3095 2348 3122 Cic.
2369 3101 2420 3129 pro

231 3139 286 3166 Cic.
305 3141 374 3167 Fam.
395 3151 416 3175 ς,
433 3143 458 3167 16
493 3141 585 3173 Qum
603 3135 741 3164 beatissiini
762 3135 826 3168 sint,
845 3137 892 3172 qui
912 3137 1012 3163 liberos
1034 3146 1089 3163 non
1110 3137 1290 3170 susceperunt:
1305 3146 1338 3171 80
1351 3135 1472 3162 Min-aen.
1490 3135 1530 3164 86⁴
1604 3132 1762 3158 Adolescens
1776 3132 1910 3166 perditus,
1930 3134 1987 3159 vid.
2012 3137 2091 3157 ADO
2103 3137 2118 3157 L
2131 3138 2186 3158 EO.
2260 3131 2421 3163 Adolescens

233 3174 317 3201 minus
329 3183 415 3203 autem
427 3176 532 3208 miseri,
554 3175 601 3209 qui
620 3173 662 3200 his
676 3172 843 3207 temporibus
859 3173 1027 3205 Amiserunt,
1048 3181 1127 3207 quam
1143 3172 1159 3199 si
1174 3172 1292 3205 cosdem,
1351 3170 1470 3206 perditus
1485 3175 1511 3196 et
1523 3167 1658 3195 dissolutus
1684 3168 1740 3195 Cic.
1754 3169 1838 3195 Tnsc.
1855 3180 1879 3202 4,
1893 3178 1929 3199 55.
2002 3167 2095 3194 Animi
2108 3167 2206 3201 perditi
2221 3166 2305 3194 1101110
2337 3167 2421 3194 Plaut-

232 3209 316 3243 bona,
335 3217 377 3238 aut
389 3212 503 3247 denique
516 3211 605 3245 aliqua
619 3210 684 3245 Rep.
700 3207 879 3244 perdidissent.
976 3209 1107 3235 Amittere
1130 3216 1154 3234 ct
1167 3208 1292 3241 Perdere,
1352 3208 1425 3234 Men.
1439 3215 1461 3239 2,
1475 3216 1494 3238 i,
1508 3215 1545 3238 44.
1619 3204 1785 3231 Α11ἂο111316
1799 3211 1851 3231 tarn
1865 3204 1979 3240 pei-dita,
1999 3209 2051 3230 tam
2065 3203 2218 3230 facinorosa
2229 3213 2310 3230 nemo
2325 3204 2421 3229 11111611-
2494 3235 2495 3238 ¹

232 3245 259 3270 in
279 3247 358 3281 aliquo
378 3249 494 3273 videntur
512 3245 634 3283 differie,
663 3256 694 3271 ex·
714 3245 753 3270 his
772 3244 858 3270 verbis
879 3243 997 3271 auctoris
1018 3245 1050 3271 ad
1072 3245 1192 3271 Hei-cun.
1213 3250 1291 3278 4‚‘58
1351 3250 1393 3271 tus
1408 3242 1444 3269 cst
1457 3243 1521 3272 vita,
1539 3239 1585 3274 qui
1597 3250 1679 3275 quiini
1693 3241 1724 3268 de
1740 3241 1831 3268 scelere
1850 3241 1987 3272 fateretur,
2004 3248 2060 3266 non
2074 3245 2172 3270 tamen,
2191 3247 2237 3267 etc.
2262 3240 2318 3267 Cic.
2331 3245 2420 3274 anteq.
2447 3239 2452 3250 ⁸
2502 3235 2515 3269 j

233 3280 308 3307 Vnde
321 3282 402 3308 ainisit
415 3283 511 3315 vitain,
532 3290 556 3309 et
576 3291 630 3308 non
649 3281 780 3317 perdidit:
801 3289 830 3306 re
848 3280 922 3306 enim
935 3279 1058 3307 vilislima
1071 3286 1097 3308 et
1114 3289 1194 3315 parua
1209 3281 1292 3307 inaxi-
1353 3280 1406 3306 iret
1420 3279 1449 3305 in
1461 3277 1523 3305 exii.
1540 3285 1571 3310 17.
1669 3277 1786 3304 Consilia
1801 3277 1923 3303 diss‘oiuta
1936 3283 1961 3302 et
1976 3275 2078 3311 perdita
2105 3275 2180 3302 Idem
2193 3275 2225 3302 de
2241 3276 2311 3310 Lege
2324 3276 2420 3310 Agrar.
2454 3298 2457 3302 .
2503 3272 2517 3329 λ

235 3324 303 3343 1113111
317 3317 439 3344 redemit:
466 3319 535 3345 dedit
548 3318 641 3351 vitam,
661 3317 759 3353 accepit
773 3315 895 3352 patriam,
915 3323 959 3342 etc.
1007 3318 1046 3342 De
1061 3318 1147 3342 Decio.
1206 3319 1292 3350 Neque
1307 3326 1337 3355 35
1353 3325 1378 3348 2,
1391 3324 1433 3348 54.
1506 3314 1598 3340 Homo
1626 3312 1695 3340 Ter.
1711 3314 1776 3339 Eun.
1793 3323 1813 3345 3,
1824 3323 1845 3346 1,
1860 3318 1888 3343 28
1902 3320 1926 3338 et
1938 3321 1976 3345 4¹·
2058 3313 2118 3338 Iura
2138 3311 2243 3346 perdita
2269 3311 2364 3340 Claud.
2386 3311 2420 3338 de

236 3352 298 3376 enim
319 3352 426 3379 Perdere
445 3355 549 3379 dicimur
567 3354 712 3389 pecuniam,
731 3363 804 3388 quam
823 3353 851 3378 in
868 3353 955 3378 bonam
973 3352 1102 3378 emtionem
1121 3352 1292 3387 impendimus.
1351 3352 1416 3378 Bell.
1430 3349 1538 3377 Gildon.
1560 3357 1620 3381 402.
1656 3350 1701 3376 Al.
1727 3349 1841 3375 Prodita.
1939 3349 2016 3374 Mens
2046 3348 2156 3376 Tibull.
2171 3359 2193 3382 2,
2208 3351 2234 3380 6,
2248 3358 2280 3379 51·
2362 3348 2420 3375 Cic·
2452 3348 2454 3353 ¹

237 3385 341 3413 Habere
362 3395 383 3413 ct
397 3388 504 3415 Perdere
525 3389 640 3424 aliquid,
660 3391 801 3416 contraria.
873 3387 930 3415 Cic.
952 3387 1010 3422 post
1029 3387 1085 3414 red.
1104 3387 1137 3413 ad
1158 3387 1237 3421 Qiir.
1258 3396 1291 3414 20
1351 3396 1402 3422 pro
1415 3387 1519 3415 Cluent.
1538 3387 1566 3418 36
1593 3385 1710 3417 Qiidain
1725 3385 1835 3412 Larinas
1856 3384 1958 3420 perdita
1971 3385 2116 3419 Nequitia,
2138 3392 2163 3412 et
2183 3386 2283 3412 summa
2299 3384 2419 3419 egestate.
2453 3397 2468 3417 ,ι

239 3419 394 3456 Reciipcrata
414 3432 476 3449 vero
494 3425 536 3451 sua
556 3425 698 3460 dignitate,
723 3426 749 3452 se
777 3434 831 3451 non
854 3424 1072 3456 commissurum,
1099 3429 1130 3450 vt
1148 3432 1230 3457 quum
1251 3432 1292 3454 ea,
1352 3423 1452 3450 Omnia
1466 3422 1497 3449 ad
1512 3420 1654 3457 pernicicm
1671 3422 1810 3456 profligata
1823 3427 1901 3456 atque
1921 3421 2024 3456 perdita
2052 3421 2126 3448 Idem
2148 3431 2199 3456 pro
2213 3422 2237 3449 S.
2253 3421 2329 3449 Rosc.
2349 3430 2370 3447 c.
2387 3430 2418 3453 13.
2449 3425 2474 3478 θ
2505 3419 2508 3422 ’

239 3463 305 3487 quac
321 3458 456 3497 amiserat,
467 3458 511 3498 sibi
526 3460 640 3488 restituta
653 3462 740 3495 effe-nt,
761 3461 890 3488 virtutem
905 3459 989 3487 animi
1003 3468 1058 3486 non
1071 3458 1191 3493 haberet,
1211 3468 1292 3494 quam
1352 3459 1423 3486 Ter.
1438 3458 1518 3486 Andr.
1532 3466 1553 3490 3,
1568 3467 1590 3490 ς,
1600 3465 1623 3486 13
1653 3458 1701 3484 Τ11
1717 3458 1780 3484 Rem
1793 3457 1948 3493 impeditam
1962 3464 1988 3484 et
2002 3458 2132 3493 perditam
2148 3457 2286 3484 restituas?
2360 3456 2419 3484 Cic.

239 3499 371 3524 nunquam
386 3493 540 3527 perdidisset.
632 3497 743 3524 Perdere
759 3505 782 3523 et
798 3497 925 3529 Lucrari,
945 3496 1083 3522 contraria.
1141 3495 1198 3522 Cic.
1212 3495 1291 3523 01112
1304 3507 1339 3533 90
1351 3504 1402 3531 pro
1416 3494 1522 3522 Caecin.
1543 3502 1576 3527 90
1602 3493 1730 3519 Exoritur
1747 3492 1790 3520 liic
1811 3493 1864 3520 iam
1883 3494 1989 3521 obrutis
2007 3493 2095 3520 Rebus
2115 3493 2242 3520 omnibus
2262 3499 2288 3520 et
2306 3492 2418 3528 perditis
2460 3491 2462 3495 ’

240 3532 268 3556 81
295 3528 488 3568 Quamobrem,
507 3538 540 3570 ne
556 3530 588 3570 sit.
603 3540 644 3558 acs
660 3534 791 3568 alienum,
812 3532 883 3566 quod
898 3533 974 3567 Reip.
989 3538 1081 3560 noceat
1094 3531 1291 3566 prouidendum
1351 3532 1399 3559 illa
1415 3530 1541 3563 defensio,
1557 3538 1618 3556 eum
1635 3529 1715 3555 deiici
1727 3530 1808 3565 posse,
1825 3538 1870 3556 era,
1944 3530 2018 3558 Idem
2031 3529 2145 3565 Philipp.
2159 3536 2182 3563 8,
2198 3539 2219 3561 31
2249 3531 2341 3563 Qium
2356 3529 2418 3555 essct
2448 3535 2449 3539 =

239 3561 289 3594 est,
309 3563 380 3597 quod
393 3564 479 3590 multis
493 3565 640 3605 rationibus
656 3569 742 3595 caueri
758 3568 856 3603 potest:
881 3568 931 3595 hoc
952 3568 971 3595 si
985 3577 1041 3596 non
1056 3568 1155 3602 fucrit,
1174 3575 1204 3596 vt
1219 3569 1290 3596 locu·
1351 3569 1451 3594 suinina
1468 3565 1598 3593 senceiute
1611 3571 1636 3590 et
1650 3565 1752 3599 perdita
1766 3565 1935 3593 Valetudine.
2009 3566 2089 3600 Qiod
2103 3566 2207 3602 periisse
2223 3566 2308 3598 vides,
2329 3564 2417 3600 perdi-

238 3597 400 3640 plctes‘suu'm
416 3601 533 3643 perdant,
553 3601 683 3629 debitores
699 3604 836 3632 lucrentur
849 3605 975 3632 alienum.
1048 3604 1161 3632 Perdere
1172 3605 1292 3641 absolute,
1351 3611 1408 3631 tum
1421 3603 1498 3630 ductis
1518 3601 1613 3629 Catuli.
1629 3607 1654 3633 8,
1667 3609 1689 3626 2.
1798 3604 1908 3638 Compar.
1930 3602 2100 3638 [ἴξωλέςεροε]
2125 3602 2292 3635 Luxuriofiar.
2346 3602 2417 3627 Hor.

235 3640 282 3668 pro
294 3635 434 3669 dilapidare
445 3643 568 3679 pecuniam
589 3637 670 3665 Plaut.
680 3640 769 3667 Bacch.
780 3652 837 3674 424,
847 3644 887 3672 86.
963 3643 1001 3668 De
1014 3641 1172 3674 ludentibus,
1209 3640 1293 3669 Ouid.
1351 3641 1434 3667 Serm.
1447 3648 1467 3673 i,
1482 3647 1506 3672 2,
1523 3647 1546 3672 ις
1571 3639 1681 3670 Qianto
1697 3637 1827 3671 perditior
1842 3639 1956 3673 quisque
1969 3639 2015 3673 est,
2036 3645 2108 3664 tanto
2122 3637 2209 3664 acrius
2223 3643 2300 3672 vrget
2319 3636 2416 3663 Catuli.

239 3667 271 3711 d'e
285 3670 345 3695 Arte
358 3670 413 3696 Ain.
430 3680 447 3705 i,
461 3681 497 3703 45¹
522 3675 563 3699 Sic
583 3682 615 3699 ne
634 3674 778 3708 perdiderit
790 3686 845 3704 non
865 3677 940 3704 ceffat
952 3676 1064 3712 perdere
1078 3676 1160 3704 lusor.
1233 3676 1292 3704 Cic.
1303 3686 1335 3712 95
1351 3685 1397 3710 40,
1414 3684 1450 3707 14.
1521 3672 1652 3700 Perditiiis
1669 3674 1754 3706 nihil,
1779 3676 1802 3701 h.
1817 3685 1837 3701 e.
1858 3676 1969 3709 Nequius
1983 3682 2007 3700 et
2019 3675 2168 3710 corruptius.
2223 3675 2280 3701 Cic.
2295 3675 2335 3708 Q
2346 3673 2416 3700 Frat.

238 3703 309 3744 Parii.
322 3714 345 3744 ς,
359 3714 371 3745 5
397 3708 471 3740 Qiae
482 3717 541 3748 ego,
561 3708 579 3734 si
592 3719 645 3735 non
658 3712 831 3746 profundere,
853 3722 880 3739 ac
894 3713 1005 3747 perdere
1017 3713 1142 3746 videbor,
1162 3712 1291 3739 omnibus
1351 3721 1372 3745 3,
1388 3719 1401 3741 ς
1428 3710 1506 3738 Ν11111
1522 3710 1557 3736 esi
1572 3709 1644 3734 enini
1660 3710 1787 3743 perditius
1807 3710 1847 3736 liis
1862 3710 2035 3744 hominibus,
2055 3709 2097 3737 his
2117 3709 2295 3744 temporibus.
2368 3709 2416 3735 Ca-

238 3748 303 3765 meis
317 3741 417 3768 viribus
430 3742 570 3770 sustinebo.
641 3747 713 3773 Ideni
732 3756 781 3782 pro
797 3749 872 3775 Rosc.
885 3751 974 3775 Amer.
989 3757 1022 3781 ¹3¹
1051 3749 1131 3784 Saepe
1145 3748 1231 3774 ventis
1245 3757 1290 3774 ve·
1351 3747 1409 3775 tull.
1424 3756 1464 3780 42,
1479 3757 1502 3779 ¹⁴
1527 3747 1577 3772 Aut
1592 3745 1607 3770 li
1618 3746 1745 3779 pei-ditius
1761 3747 1844 3781 11011-11
1859 3747 1924 3782 quid
1938 3747 1996 3774 esse.
2115 3746 2255 3779 Miserius,
2275 3744 2415 3781 perditius,

238 3774 456 3811 hcinentioribm,
475 3786 519 3805 aut
531 3780 713 3808 immoderatis
729 3783 940 3817 tempestatibus,
960 3790 1004 3811 aut
1018 3785 1106 3811 nimio
1122 3784 1225 3817 calore,
1245 3790 1291 3810 aut
1351 3783 1468 3816 foedius,
1489 3781 1557 3808 nihil
1572 3780 1629 3807 ficri
1645 3782 1728 3815 potest
1756 3783 1813 3809 Cic.
1830 3784 1883 3810 Ait.
1897 3790 1920 3816 8,
1934 3792 1964 3810 ii.
2037 3783 2132 3817 Superl.
2155 3782 2334 3817 [ἐξωλέςατος]
2356 3782 2414 3808 Pei·-

239 3811 399 3839 intolerabili
411 3814 512 3848 frigore
526 3815 680 3843 hominibus
700 3818 808 3850 nocuit,
826 3819 903 3846 vrbes
922 3819 1038 3853 deleuit,
1053 3821 1144 3854 fruges
1164 3820 1292 3855 perdidit,
1352 3818 1490 3846 ditisliinus
1504 3818 1586 3844 homo
1613 3818 1684 3844 ldein
1698 3828 1746 3853 pro
1761 3819 1836 3846 Rosc.
1851 3820 1940 3847 Aiiier.
1956 3827 1982 3845 α..
2054 3817 2278 3851 Profligatissimus
2292 3825 2317 3844 et
2329 3815 2416 3853 perdi-

239 3851 285 3872 etc.
321 3850 358 3873 De
371 3850 433 3875 Ioue.
504 3850 615 3876 Perdere
628 3851 758 3886 aliquem,
778 3855 952 3889 Cor-rumperiv,
971 3857 1047 3881 malis
1062 3856 1170 3882 moribus
1182 3855 1460 3890 inficere.100tiflimus
1474 3853 1595 3880 omnium
1622 3853 1694 3880 Idem
1709 3856 1785 3881 Verr.
1800 3865 1820 3888 3,
1834 3860 1866 3887 63
1887 3865 1909 3882 c.
1923 3858 1963 3882 26.

239 3879 307 3940 'll'cn
320 3882 427 3917 Adelph.
442 3893 460 3915 i,
474 3892 493 3915 i,
506 3887 534 3914 36
556 3886 611 3911 Cur
625 3887 712 3919 perdis
725 3888 915 3916 adolescentem
928 3890 1024 3917 nobis?
1096 3891 1166 3918 Male
1180 3891 1291 3926 perdere
1390 3896 1407 3917 Ρ
1418 3898 1434 3917 E
1444 3896 1464 3917 R
1474 3896 1493 3916 D
1503 3897 1511 3916 1
1523 3896 1545 3916 T
1556 3895 1582 3916 Ε.
1623 3890 1690 3916 Adii.
1727 3891 1875 3926 [ὀλεθρίως]
1915 3892 2042 3924 Coi-rupte.
2088 3888 2144 3914 Cic-
2158 3889 2210 3915 Att-
2223 3898 2248 3923 9,
2263 3898 2276 3915 2
2301 3889 2356 3923 Qi
2370 3885 2414 3914 hic
2436 3896 2480 3922 μ’

240 3922 255 3939 a
268 3923 352 3948 iquein
377 3919 473 3946 Catuli.
488 3918 519 3944 ad
534 3918 676 3959 calmunt.
688 3931 715 3954 4,
728 3933 748 3952 ς.
821 3925 942 3951 Amando
956 3926 1066 3960 perdere
1078 3927 1196 3962 aliquem
1221 3927 1290 3953 Hor.
1351 3926 1436 3962 potest
1450 3927 1474 3953 se
1485 3933 1577 3960 gerere
1593 3934 1646 3951 non
1661 3927 1781 3961 pei-dite?
1901 3925 2021 3958 Perdite,
2045 3930 2091 3959 pro
2111 3924 2267 3950 Vehementer
2278 3924 2412 3959 aliquando

241 3958 328 4009 Amdm·
342 3961 360 3983 ¹,
370 3959 395 4001 Ξῖ,
409 3963 429 3985 3-
484 3988 489 3992 ,
502 3953 611 3992 Perdere
624 3955 748 3990 ¹2¹hquem,
768 3959 860 3997 Manis
870 3960 979 3999 periculo
992 3969 1121 3996 exponere.
1174 3963 1291 3989 Terent.
1351 3963 1456 3989 dicitur.
1575 3960 1689 3988 Tei-ent.
1710 3963 1806 3990 lic-aut.
1828 3973 1853 3996 i,
1872 3972 1897 3994 i,
1917 3972 1950 3995 45
1985 3961 2046 3988 Eius
2061 3959 2145 3986 filiam
2160 3960 2205 3986 1116
2220 3969 2309 3987 3111316
2326 3959 2413 3990 coepit
2430 3978 2433 3982 .

258 3993 282 4044 ¹¹)
302 3993 322 4010 r·
337 3995 355 4017 ³,
368 4002 389 4017 s,
405 3998 410 4013 1
427 3988 491 4028 *Vbi
507 3988 561 4014 illic
576 3989 654 4015 scelus
674 3992 725 4027 est,
743 4001 789 4025 qni
808 4002 850 4018 me
872 3994 1002 4027 perdidit?
1074 3998 1164 4024 Morte
1179 3998 1291 4031 perdere
1351 3997 1472 4032 perdite,
1490 4003 1518 4021 'ivi
1529 3996 1671 4031 prr-ires&
1684 3999 1804 4026 videatur
1818 3999 1870 4032 m'st
1875 3999 1997 4034 potiatur.
2090 3989 2196 4025 Perdite
2210 3996 2303 4023 conari
2329 3995 2414 4028 Qlin·

241 4027 255 4045 a
268 4027 355 4053 iqueni
382 4022 462 4048 Ouid.
474 4024 538 4050 Met.
557 4032 574 4055 i,
588 4031 638 4056 22⁴.
745 4028 820 4054 Bello
840 4029 951 4062 perdere
969 4031 1078 4058 cunftos
1103 4033 1408 4065 0131111.00111”.1056111.
1428 4042 1457 4064 2,
1476 4041 1507 4058 ¹²·

2271 4073 2288 4093 P
2299 4072 2317 4093 Ε
2329 4072 2349 4093 R
2361 4071 2381 4093 D
2391 4072 2414 4093 I-
