2517 4231
57 160 124 231 3235
368 167 726 212 *PER
1583 168 1614 210 P
1708 168 1862 214 ER
2168 188 2247 234 826

14 264 18 267 “
54 285 56 287 ,
98 271 116 293 p
126 272 143 293 13
151 270 171 292 R
181 271 224 292 SA
233 271 250 292 1,
258 264 280 291 ῦ
289 269 312 292 ¹1·
321 269 342 290 ο
350 282 359 296 ‚
378 266 433 290 'ai-e.
469 260 704 297 [κατασκάξαμαι]
743 261 893 296 frequenter
912 258 955 285 vel
971 259 1075 285 muttum
1093 264 1118 285 et
1224 263 1241 284 Ρ
1252 262 1269 283 Ε
1279 262 1299 283 R
1311 264 1323 285 s
1333 264 1349 285 C
1361 264 1380 285 R
1391 265 1400 286 1
1413 265 1429 285 Ρ
1438 265 1460 286 Τ
1469 265 1489 286 0
1500 265 1519 286 R
1530 279 1538 292 ‚
1559 260 1625 293 bris.
1648 269 1686 288 m.
1710 260 1907 303 [οἰναγραφεῦς]
1943 268 1999 297 Cic.
2011 272 2088 301 Verr.
2104 284 2124 307 3,

52 303 154 341 pupius
162 300 285 338 salutare.
321 300 379 326 Cic.
394 307 444 334 pro
460 299 545 326 Flacc.
560 307 592 331 4²
610 306 632 324 c.
648 303 672 329 18
696 298 728 324 Et
741 297 789 332 qui
804 296 840 322 ita
852 293 882 321 sit
899 294 1074 328 ambitiosus,
1089 300 1119 322 vt
1185 292 1304 321 Scribam
1321 301 1397 321 tuum
1413 295 1479 323 dicit
1494 297 1590 323 Verres
1604 296 1684 327 huius
1703 298 1910 334 perscriptorem
1926 302 2099 336 feneras-Uni‘1
2114 279 2245 340 figaqu

58 345 152 369 omnes
174 345 222 364 vos
243 344 346 370 nosque
367 334 491 370 quotidie
510 334 662 369 persalutet.
717 333 749 360 Et
762 333 837 359 Curt.
857 339 895 362 10,
911 339 934 364 5,
954 340 967 364 3
995 332 1085 358 Donec
1103 340 1119 358 a
1199 365 1205 370 Ι
1226 335 1241 355 Ρ
1252 335 1268 355 15
1282 336 1298 354 κ
1313 337 1350 356 st:
1367 338 1383 357 R
1400 339 1406 356 ι
1420 339 1434 358 ι,
1445 339 1467 359 T
1478 332 1496 357 s.
1508 339 1527 359 R
1538 339 1577 366 A,
1596 342 1636 360 ae,
1657 333 1678 360 f·
1716 333 1821 369 leian.
1837 335 1898 372 0ίὲ-
1913 345 1947 370 29
1961 344 1978 365 t.
1995 349 2004 366 ι
2020 343 2037 369 1·
2052 353 2064 376 3
2088 323 2233 377 ,restagien

57 379 118 402 toto
131 372 250 400 exercitu
265 371 296 398 ad
311 371 438 398 vltimum
452 370 626 406 persalutatus
640 368 685 396 est.
832 400 835 401 .
1185 370 1207 392 ti
1220 365 1307 391 facere
1321 368 1536 401 perscripturam.
2234 367 2245 373 ·

97 414 165 436 rrR
178 413 368 435 SALVTAT
379 414 388 433 1
399 412 419 433 o
430 427 438 439 ‚
459 407 526 434 anis.
552 406 572 433 f.
609 405 666 432 Cic.
684 411 734 439 pro
750 403 873 430 Muraen.
887 411 925 437 44
945 412 967 430 c.
986 411 1015 430 21
1052 403 1119 430 Non
1138 407 1154 434 ς
1224 407 1239 426 Ρ
1251 408 1267 427 Ε
1280 407 1298 427 R
1309 409 1347 428 sc
1358 408 1377 428 R
1392 404 1411 429 ν
1424 410 1445 430 rr
1456 412 1475 430 o
1490 410 1521 437 R,
1536 404 1585 431 ari.
1604 405 1671 440 Dep.
1701 406 1835 442 [ἐξετάζω]
1872 409 2017 445 Diligenter
2032 415 2157 448 ,Μαι-Νη
2187 422 2218 448 c.

57 444 214 473 declamatio
227 443 334 479 potius,
353 452 433 479 quam
452 442 633 479 pei-salutatio.
1182 436 1236 463 Off.
1257 446 1282 469 2,
1304 445 1331 469 25
1368 439 1610 476 Prae-mittebatque
1630 441 1662 467 de
1682 441 1856 477 stipatoribus
1876 445 2000 480 suis,qui
2018 431 2245 486 persm-„fflfcmffss

48 492 51 496 ·
93 485 301 508 PERSANCT
314 486 342 507 Ε.
380 479 449 506 Adu.
486 477 649 511 [πολυοσίως]
685 475 736 501 Pro
754 474 833 501 Valde
846 482 869 501 et
884 475 1008 512 religiose.
1046 474 1118 502 Ter.
1182 471 1284 499 arculas
1302 473 1460 501 muliebres:
1488 483 1514 503 ct
1528 485 1561 503 ne
1575 476 1648 512 quod
1664 478 1690 503 ἰη
1708 479 1874 506 vestimentis
1893 481 1975 508 telum
1994 485 2174 515 occultaretur
2201 501 2232 519 ex

53 517 123 546 uec.
138 524 161 550 5,
174 525 200 549 2,
216 524 229 550 5
260 515 390 551 Phidippe
409 515 517 543 Bacchis
538 513 638 540 deierat
656 509 800 551 persanfte.
857 512 939 538 Plaut.
960 512 1045 547 quue
1061 519 1119 546 per·
1183 508 1331 548 quircrcnt.
1403 512 1565 546 Inuestigare
1583 519 1609 540 et
1627 514 1787 548 perscrutari
1802 517 1894 543 omnia
1917 518 1974 545 Cic.
1989 519 2066 547 Verr.
2079 530 2097 554 4
2122 531 2158 557 47
2171 510 2188 550 c¹
2206 511 2243 554 2⁴.-

56 552 145 581 sanfte
156 552 258 579 iurauit
270 553 296 578 se
308 552 453 579 facturum.
486 549 627 578 Via-Suet.
642 547 704 574 Tit.
719 555 793 587 c.⁴10.
818 553 842 573 ct
856 547 924 574 Ner.
940 557 961 574 c.
974 555 1013 580 35.
1182 544 1257 585 Idem
1273 544 1341 571 ibid.
1355 554 1383 578 4,
1398 555 1428 578 30
1454 548 1509 574 lam
1528 554 1556 575 vt
1577 548 1640 575 hace
1654 551 1746 577 onmia
1760 553 1880 586 reperire
1894 562 1923 579 ac
1935 542 2201 589 perscrutari'solims
2216 548 2245 590 fi}

94 594 137 616 1³13
151 595 170 615 R
183 589 258 615 ςᾹΝ
270 594 290 614 0
301 609 310 622 ,
332 593 386 615 are.
422 586 573 621 [ἓξιαίομοει]
610 585 718 611 Omnino
731 587 834 619 janare.
872 584 939 610 Plin.
956 592 994 613 20,
1009 591 1043 609 22
1063 583 1117 609 Vo-
1139 591 1169 610 10
1183 580 1304 613 lumem,
1328 581 1363 607 est
1378 591 1476 616 operae
1495 584 1611 617 pretium
1631 587 1799 620 cognoscere.
1874 589 1931 616 Cic.
1946 591 2030 618 Tusc.
2046 601 2058 626 ς
2082 601 2114 628 59
2145 596 2185 622 Sic
2199 606 2246 624 no,

27 621 30 626 ’
55 624 137 652 micas
157 633 298 659 rumpere,
319 626 449 660 purgare,
468 621 607 656 persanare
629 619 798 655 promittens.
838 619 908 660 Adfi.
927 619 1050 647 Scribens
1071 627 1118 645 221.
1183 616 1227 656 ctu
1243 615 1276 642 ad
1298 625 1340 643 eas
1360 619 1526 651 ventitabat,
1548 626 1576 646 vt
1596 623 1688 648 onmia
1709 623 1889 657 specularetur
1906 632 1932 652 et
1950 613 2159 662 perstmt'aretur
2175 640 2237 660 ame

52 660 133 689 *einis
144 661 245 687 vitium
259 670 320 687 cum
333 658 449 694 axungia
459 656 559 683 fistulas
573 662 667 691 purgat
679 662 704 682 et
717 656 836 690 persanat
850 655 916 681 Pliu.
931 655 947 681 l.
960 663 987 688 23
996 663 1119 690 prooem.
1183 652 1240 678 Cic.
1257 652 1289 678 de
1303 653 1409 693 [nuent.
1425 663 1445 686 1,
1460 657 1490 683 68
1518 656 1587 689 Ergo
1603 656 1630 682 in
1647 657 1697 684 hoc
1712 668 1820 694 quoque
1836 661 1939 689 iudicio
1952 663 2063 692 desinite
2075 665 2166 694 literas
2176 669 2204 696 le
2225 655 2247 697 is

55 697 189 724 Antonius
205 697 280 724 Musa
294 696 427 728 medicus,
442 701 503 719 cum
522 692 654 720 incidiffet
674 693 702 718 in
717 691 878 718 insanabilia
893 691 999 724 ulcera,
1014 691 1119 726 viperas
1182 689 1363 723 perscrutari,
1387 695 1413 715 et
1432 690 1517 724 legem
1533 695 1578 722 (vt
1592 700 1705 726 aequum
1718 695 1772 727 cst)
1788 705 1819 722 cx
1839 697 1955 725 vtilitate
1977 700 2053 736 Rcip.
2074 704 2194 732 consider
2206 679 2237 734 {e

15 749 18 754 ,
54 732 168 760 edendas
181 732 269 764 dabat,
284 733 406 766 miraque
418 728 554 756 celeritate
569 728 723 764 personabat
747 727 814 754 Plin.
827 735 869 760 30,
884 735 918 759 ¹3·
1183 725 1240 764 Cic.
1255 733 1303 766 pro
1318 724 1401 765 Flacc.
1418 734 1455 765 ¹9·
1466 727 1559 761 Itaque
1573 728 1776 761 perscrutamini
1790 733 1894 766 penitus
1908 741 2045 769 naturam,
2058 739 2190 768 rationem
2212 751 2247 770 ue

54 787 57 790 .
95 774 112 795 P
126 775 142 795 Ε
155 766 394 799 ΚεΑΝᾹῬνέ,
413 774 445 798 a,
465 774 519 793 um.
549 766 646 793 Partic.
685 764 780 799 Vlcera
797 763 933 798 persanata
950 762 1009 789 Sen.
1028 762 1075 797 Ep.
1095 767 1119 792 8.
1139 768 1165 794 15
1184 769 1345 801 crinummr:
1364 769 1417 801 iam
1430 761 1499 788 nihil
1521 771 1625 796 praeter
1646 765 1775 798 speciem,
1788 768 1863 794 nihil
1881 777 1984 802 praeter
2003 779 2134 802 terrorem
2154 785 2183 804 ac
2194 751 2236 806 ‘1³¹st

55 805 207 832 Persanatus
219 803 253 831 ab
266 804 316 831 hoc
330 801 451 830 Sci-ibon.
465 811 511 837 40.
525 801 565 836 sc.
579 801 765 828 medicamento.
1184 805 1229 824 nas
1249 803 1401 831 reperietis.
1474 798 1636 825 Sententiam
1658 801 1772 828 alicuius
1799 804 1951 832 domesticis
1973 808 2168 843 suspicionibus
2189 796 2248 842 Cic.

57 859 59 863 ,
97 847 112 866 1·
123 847 140 867 F.
154 848 171 867 11
184 848 197 867 s
207 841 260 866 ,ἰΝ
270 845 330 871 vs,
352 847 383 871 a,
403 847 458 864 um.
486 837 547 864 Adi.
591 837 669 865 Valde
678 836 768 874 janus.
805 834 873 861 Cato
887 833 920 860 R.
933 833 965 859 R.
980 841 1002 859 c.
1017 832 1120 868 137fin.
1184 833 1217 860 de
1232 834 1368 875 Inuent32,
1384 838 1426 864 128
1447 842 1469 860 c.
1490 845 1538 869 44.
1607 833 1704 863 Aft'iua
1717 838 1807 873 forma
1826 840 1884 877 vJus
1904 841 1937 875 effi
1951 843 2033 871 Plaut.
2048 847 2108 874 Aul.
2122 858 2140 884 4
2170 859 2188 884 4
2218 835 2249 878 -f,

53 876 93 903 Vt
105 876 206 903 radices
223 875 314 909 polypi
328 875 450 909 persanas
469 873 560 901 facias.
1101 903 1109 908 ἱ
1183 869 1321 896 Postremo
1335 878 1389 896 iam
1405 869 1473 896 hunc
1488 872 1660 904 persei-utaui.
2142 869 2151 882 ’
2190 871 2199 884 ’
2217 869 2228 884 ³

93 917 110 938 Ρ
123 919 139 939 Ε
149 918 191 955 RJ
202 917 224 938 Α
238 917 254 937 Ρ
265 917 274 936 1
284 917 301 937 Ε
311 918 331 938 N
342 918 355 937 S
365 931 372 943 ,
392 910 471 937 eutis.
506 909 567 936 Adi.
605 907 687 944 [wolvo
705 905 796 942 σοφός]
837 904 916 932 Valde
930 904 1072 945 sapientem
1082 905 1121 938 Jt-
1222 912 1238 932 Ρ
1247 912 1289 932 ER
1301 912 1313 933 S
1323 911 1340 931 C
1352 912 1370 931 R
1383 913 1402 931 ν
1413 912 1433 931 Τ
1445 907 1466 932 A
1475 913 1498 934 Τ
1509 913 1529 932 ν
1538 914 1550 932 S
1562 928 1569 939 ,
1588 916 1601 934 a
1611 928 1618 940 ‚
1640 917 1694 935 um.
1733 909 1837 944 Pafft'ue.
1873 912 2054 951 Ammian‚17‚
2067 927 2085 951 4
2109 920 2248 951 Montium

95 950 100 955 .
118 953 168 974 cat.
203 946 258 975 Cic.
273 946 306 973 de
322 947 447 974 Prouinc.
462 946 572 973 Consul.
586 954 625 978 44
641 954 662 971 c.
677 949 702 974 18
715 951 781 970 extr.
816 941 900 976 Quod
919 949 1012 975 magni
1031 949 1118 967 cuius·
1128 946 1164 965 20
1183 942 1260 968 venis
1274 942 1453 976 perscrutatis.
1525 944 1704 971 Conditiones
1718 947 1894 981 perscrutatae
1908 950 2008 984 Aggen.
2024 952 2056 979 de
2069 955 2154 984 Limit
2231 962 2249 988 6
2268 947 2272 953 .

34 991 38 1005 ⁴
95 991 114 1009 n
128 982 247 1010 hominis
267 990 292 1010 ct
305 983 480 1018 persapientis
493 982 611 1009 videtur.
802 1013 808 1019 ι
946 1013 950 1017 Ι
1182 978 1219 1004 ed.
1235 978 1304 1014 Goes.
2155 978 2161 984 ·
2179 968 2204 994 Ρ’
2216 970 2228 992 5

56 1020 65 1046 ,ὲ
82 1025 108 1046 ,Ρ
120 1025 137 1045 Ε
150 1025 168 1046 R
179 1025 191 1044 s
203 1026 225 1046 Α
237 1025 252 1045 Ρ
265 1027 273 1046 1
284 1026 300 1046 Ε
310 1026 389 1046 ἶφι-Ε
400 1025 430 1045 R.
452 1017 528 1045 Actus
555 1018 630 1052 [λίαν
643 1015 740 1049 σοφῶς]
776 1014 834 1040 Cic.
849 1021 898 1048 pro
911 1012 1010 1040 Milon.
1025 1021 1048 1039 11
1061 1022 1084 1040 c.
1100 1021 1119 1047 4
1223 1020 1238 1040 Ρ
1249 1021 1266 1041 Ε
1277 1020 1295 1040 R
1306 1021 1318 1040 s
1329 1018 1346 1039 c
1357 1019 1375 1039 R
1385 1019 1407 1038 v
1418 1020 1500 1040 TAT
1511 1021 1564 1046 10,
1585 1017 1654 1042 onis.
1675 1017 1696 1043 f.
1733 1017 1822 1045 Sencc.
1837 1018 1870 1046 ad
1885 1020 2013 1050 Heluiam
2027 1033 2074 1059 c.9
2087 1035 2142 1056 a„
2171 1031 2248 1066 Qu

50 1052 84 1084 Et
102 1054 120 1082 si
140 1055 335 1091 persapienter,
349 1062 375 1082 et
393 1053 595 1090 quodammodo
613 1051 693 1079 tacite
707 1049 750 1077 dat
769 1050 824 1085 ipsa
840 1049 883 1076 lex
904 1049 1060 1084 potestatem
1075 1049 1119 1076 de·
1182 1058 1249 1086 opus
1262 1050 1299 1077 est
1313 1048 1442 1084 profundi
1457 1052 1687 1084 perscrutatione?
2145 1050 2150 1057 ⁸
2219 1040 2228 1060 ¹

50 1090 196 1122 studendi,
211 1099 256 1120 m.
878 1121 883 1127 ⁸
969 1093 971 1097 ¹
1224 1093 1238 1112 Ρ
1251 1093 1268 1113 Ε
1279 1092 1298 1112 R
1309 1093 1321 1113 s
1332 1091 1349 1111 c
1364 1091 1382 1111 R
1395 1092 1414 1111 v
1426 1092 1537 1114 'sacro
1550 1094 1588 1120 R,
1615 1089 1680 1115 oris.
1710 1098 1747 1116 m.
1791 1090 1908 1125 Capitol.
1931 1093 1960 1120 in
1982 1095 2094 1125 Maxim.
2117 1101 2165 1127 Iun
2191 1112 2204 1129 c
2235 1113 2246 1132 ι

91 1133 108 1154 Ρ
121 1134 137 1153 Ε
152 1133 170 1153 R
183 1135 196 1154 s
207 1134 244 1155 el
257 1134 274 1154 Ε
286 1133 309 1153 Ν
321 1134 349 1158 s,
369 1126 448 1153 entis.
471 1125 530 1151 Adi.
554 1123 635 1151 Valde
642 1123 736 1158 sciens.
773 1121 912 1158 Lamprtd.
927 1122 955 1148 in
963 1121 1117 1149 Commodo
1136 1129 1168 1156 25
1184 1123 1240 1156 Qu
1255 1122 1352 1149 harum
1365 1130 1455 1148 rerum
1469 1125 1676 1158 perscrutatores
1695 1125 1772 1151 fuisse
1792 1125 1928 1155 dicuntur.
2002 1133 2087 1160 Eleffl
2101 1123 2235 1170 persc'ruk

51 1171 74 1190 c.
87 1171 101 1197 5
121 1164 244 1190 Perennis
259 1162 405 1191 Commodi
418 1161 538 1188 animum
553 1160 692 1195 persciens.
1183 1165 1254 1185 tores
1270 1159 1364 1192 Veget.
1379 1157 1411 1184 dc
1426 1158 1456 1184 R.
1470 1159 1531 1186 Mil.
1546 1168 1568 1192 3,
1581 1168 1604 1192 3.
1623 1160 1693 1187 Add.
1706 1161 1820 1188 Caffiud.
1834 1164 1913 1198 Epist.
1930 1173 1949 1197 1,
1960 1174 1985 1193 2.
1998 1176 2021 1194 et
2035 1177 2051 1195 2
2075 1179 2098 1197 1·
2236 1157 2247 1165 ’

90 1205 107 1225 i>
119 1206 135 1226 Ε
148 1206 166 1226 R
179 1207 192 1227 s
203 1205 262 1228 cm
274 1206 295 1225 N
305 1205 327 1226 'r
340 1205 356 1224 Ε
367 1205 397 1225 R.
424 1197 493 1225 Adu.
529 1196 612 1232 [πάνυ
624 1194 814 1229 ξπιςημονικιῖς]
851 1193 992 1221 Admodum
1005 1194 1118 1230 scienter
1223 1201 1238 1220 Ρ
1249 1202 1266 1222 Ε
1278 1200 1297 1220 R
1307 1201 1320 1221 s
1330 1200 1346 1221 c
1356 1201 1376 1220 v
1388 1201 1404 1219 L
1415 1200 1430 1220 Ρ
1443 1201 1461 1221 0
1475 1215 1482 1227 ,
1520 1195 1587 1222 vnde
2052 1190 2060 1202 '
2086 1187 2108 1204 ³·

50 1241 76 1262 et
93 1233 225 1269 industrie.
263 1235 319 1262 cie.
333 1234 365 1261 de
378 1234 448 1261 Clar.
463 1234 539 1261 Orat.
553 1241 600 1258 202
614 1241 636 1258 c.
651 1239 679 1265 55
709 1231 740 1256 Et
756 1236 783 1257 vt
800 1229 833 1257 ad
855 1231 1042 1258 infirmitatem
1055 1230 1119 1257 late·
1221 1236 1238 1256 Ρ
1249 1237 1266 1257 Ε
1276 1236 1296 1257 R
1306 1238 1319 1257 s
1329 1236 1346 1257 c
1358 1236 1378 1255 ν
1391 1236 1407 1256 1.
1420 1236 1436 1256 P
1447 1237 1468 1257 T
1478 1238 1498 1257 v
1508 1239 1521 1258 s
1533 1251 1539 1263 ‚
1558 1241 1572 1258 a
1582 1252 1590 1264 ,
1608 1241 1663 1260 um.
1701 1233 1846 1270 Persculpti
1862 1235 1976 1271 lapides,
1993 1239 2086 1268 surdae
2100 1250 2190 1273 mutae
2211 1256 2246 1275 ue

49 1279 112 1299 rum
127 1271 288 1306 perscienter
301 1271 504 1298 contentionem
515 1277 624 1296 onmem
638 1267 785 1295 remiserat.
1183 1266 1285 1302 figurae
1297 1266 1409 1301 Coripp.
1426 1275 1450 1299 3,
1462 1275 1522 1303 377.
1549 1271 1567 1294 i.
1587 1268 1663 1295 idola.
2016 1271 2018 1273 '
2192 1256 2209 1282 q

14 1333 22 1346 ι
89 1313 106 1333 Ρ
119 1314 136 1334 Ε
149 1314 168 1334 R
178 1315 192 1336 s
202 1313 219 1334 c
232 1313 302 1334 ΙΝΙ)
314 1312 334 1333 0
345 1327 354 1340 ,
375 1306 431 1339 idi,
451 1306 538 1339 issimi,
559 1307 614 1332 ere.
651 1301 828 1339 [καταχίξω]
867 1301 946 1339 ‚Qmfi
954 1309 1002 1337 per
1010 1301 1116 1329 medium
1134 1309 1167 1334 30
1218 1310 1234 1330 P
1244 1309 1260 1329 Ε
1272 1301 1339 1330 Rsss
1347 1310 1369 1329 A
1378 1322 1387 1336 ,
1405 1311 1445 1330 ae.
1469 1303 1490 1330 f.
1527 1304 1540 1338 [
1549 1305 1655 1340 περσέοι]
1692 1304 1779 1332 Arbor
1794 1307 1898 1334 Graecis
1917 1318 2051 1338 memorata
2078 1318 2121 1350 qui
2138 1326 2153 1342 a
2167 1318 2234 1345 peffi

22 1340 172 1381 [list-indere.
209 1343 271 1370 Liu.
285 1351 324 1375 21,
337 1348 365 1376 58
384 1343 456 1370 Nam
469 1351 517 1369 nec
530 1341 665 1376 explicare
677 1340 840 1375 quidquam,
854 1348 902 1365 nec
916 1338 1029 1365 statuere
1043 1344 1116 1373 pote·
1180 1348 1209 1366 ca
1223 1338 1346 1376 diuersam
1361 1340 1458 1366 volunt.
1495 1340 1543 1367 Sed
1550 1339 1602 1366 vid.
1611 1341 1715 1376 Salmaj]
1730 1343 1790 1376 Hyl.
1804 1344 1866 1370 [atr.
1877 1353 1899 1371 ς,
1908 1349 1940 1375 63,
1954 1353 1977 1372 et
1991 1333 2109 1383 qlme'nos
2121 1353 2178 1378 inde
2191 1362 2218 1380 co
2237 1336 2247 1342 ,

30 1385 126 1410 ..l-ant:
142 1388 190 1406 nec
210 1378 284 1414 quod
305 1379 431 1406 statutum
454 1379 529 1411 esset,
542 1376 680 1405 manebat:
705 1375 799 1402 onmia
817 1375 1002 1410 perscindente
1023 1381 1116 1402 vento,
1181 1373 1269 1402 tracia
1288 1375 1400 1401 dedimus
1413 1375 1448 1401 ad
1464 1375 1599 1403 Columel.
1616 1385 1655 1409 10,
1669 1385 1730 1411 405.
1768 1380 1883 1406 Materia
1901 1391 1994 1419 magna
2012 1384 2159 1422 disputandi
2178 1365 2248 1418 pux-

24 1436 31 1443 .
50 1414 163 1443 Nubem
176 1415 301 1450 perscidit
314 1421 410 1442 ventus
424 1416 529 1442 Lucret.
543 1416 631 1449 6,137.
705 1411 812 1438 Vestem
826 1411 992 1446 perscindere
1006 1420 1020 1437 e
1033 1420 1117 1438 mem-
1183 1420 1217 1445 15,
1233 1420 1256 1444 13
1272 1412 1289 1437 s.
1305 1420 1329 1443 ¹3
1350 1411 1394 1437 vbi
1407 1411 1526 1438 Perscam
1541 1422 1556 1438 a
1571 1412 1668 1446 Persica
1683 1412 1826 1450 distinguit.
2239 1411 2246 1418 '

49 1449 107 1480 bris
121 1451 231 1479 Tibull.
252 1461 271 1484 r,
289 1460 328 1483 10,
349 1454 389 1485 63.
461 1451 633 1481 Perscindor,
645 1448 736 1485 forma
754 1447 859 1483 Paffiua.
896 1448 1004 1474 Lucret.
1022 1456 1052 1481 4,
1068 1451 1116 1478 605
1222 1444 1422 1487 PERsqu,
1449 1448 1494 1479 ui,
1520 1448 1611 1481 6111111,
1637 1452 1691 1476 are.
1736 1450 1927 1486 [καταιτὲμνω]
1970 1455 2086 1493 PerfeHe
2098 1459 2185 1495 ficare
2223 1470 2248 1490 et

20 1490 24 1497 ¹
49 1487 257 1516 perscinduntur
269 1488 359 1522 enim,
372 1487 421 1514 nisi
435 1487 507 1514 re6ta
520 1486 656 1513 foramina
673 1490 788 1511 tranant.
1135 1487 1163 1514 35
1181 1483 1303 1510 diuidere.
1342 1483 1399 1509 Cle·
1414 1483 1494 1510 Acad.
1509 1493 1535 1517 4,
1552 1493 1594 1511 122
1608 1494 1630 1511 c.
1644 1494 1675 1518 39
1702 1486 1803 1513 Eodem
1824 1488 1907 1515 modo
1925 1498 2015 1518 rerum
2036 1501 2142 1523 naturas
2179 1482 2247 1526 e'rse-

90 1529 131 1550 ΡΕ
143 1530 161 1550 R
173 1530 326 1552 scrssvs
336 1544 344 1556 ‚
365 1533 394 1556 a,
412 1533 468 1551 um.
487 1523 581 1550 Pa'Ftic.
621 1520 816 1557 [καταχιιθεῐς]
853 1519 985 1547 Carbasus
997 1519 1116 1555 perscissa
1181 1529 1255 1551 care,
1270 1519 1391 1554 aperire,
1406 1518 1531 1546 diuidere
1549 1522 1698 1555 possumus,
1717 1529 1747 1548 vt
1759 1523 1900 1551 videamus
1921 1531 1991 1554 terra
2004 1531 2146 1563 penitusne
2159 1507 2246 1563 ilefira

49 1560 231 1595 petulantibus
243 1561 315 1587 auris
328 1561 434 1587 Lucret.
449 1562 476 1593 6,
491 1569 542 1587 110.
568 1560 627 1586 Alii
639 1559 725 1594 legunt
737 1557 825 1584 Euris.
1181 1556 1227 1589 fit,
1243 1562 1270 1583 et
1284 1555 1355 1591 quast
1369 1555 1506 1583 radicibUS
1520 1558 1573 1583 s¹¹i⁵
1587 1557 1710 1590 haereat,
1724 1567 1758 1585 ‘³¹¹
1774 1559 1863 1586 media
1876 1561 1997 1595 pendeat.
2070 1568 2117 1594 Cic
2140 1570 2186 1596 Att
2211 1557 2220 1598 i

91 1602 322 1629 PERsclsco‚
342 1600 396 1624 ere.
424 1598 552 1623 Accurate
564 1598 733 1630 interrogare.
761 1591 854 1624 Dictys
867 1593 941 1619 Cret.
955 1591 1115 1620 Bell.Troi.
1181 1601 1211 1624 23
1228 1598 1293 1619 extr.
1330 1593 1422 1625 Quare
1438 1592 1471 1618 da
1490 1598 1516 1618 te
1535 1594 1564 1619 in
1584 1594 1752 1628 sermonem,
1779 1602 1804 1621 et
1823 1598 1944 1631 perse-ca,
1962 1606 1988 1626 et
2007 1602 2108 1630 confice
2120 1589 2126 1595 .
2150 1581 2247 1634 exciti,

49 1639 78 1667 2,
89 1640 118 1665 37
146 1632 250 1659 Hessor
264 1633 368 1659 causam
384 1632 516 1659 tumultus
529 1640 627 1658 eorum
643 1629 756 1664 cupidus
771 1629 937 1664 persciscere.
1179 1628 1328 1663 compelle,
1341 1628 1471 1663 loquere,
1485 1635 1513 1655 vt
1531 1636 1557 1656 te
1572 1638 1631 1655 cum
1654 1629 1702 1656 illo
1717 1631 1843 1659 Scaeuola
1857 1633 1935 1668 loqui
1952 1642 2039 1670 putes.
2109 1625 2247 1672 Perseeare'

89 1673 106 1694 Ρ
117 1673 163 1695 ER
172 1675 186 1694 S
196 1674 212 1694 c
224 1670 237 1696 ῖ
247 1674 268 1694 Τ
277 1675 299 1694 ν
309 1675 321 1694 S
331 1688 339 1702 ,
355 1677 370 1696 a
379 1689 387 1702 ,
407 1678 462 1695 um.
481 1667 543 1694 Adi.
580 1666 720 1699 Admodum
733 1665 827 1700 scitus.
866 1665 913 1691 Per
932 1664 1002 1691 mihi
1022 1664 1117 1690 scitum
1130 1671 1169 1697 40
1180 1664 1280 1691 vitium
1293 1663 1405 1699 aliquod
1414 1684 1424 1697 ,
1442 1673 1476 1690 ne
1491 1666 1575 1700 serpat
1593 1665 1654 1691 Liu.
1667 1674 1713 1698 40,
1731 1675 1768 1699 ¹9-

49 1702 160 1730 videtur
175 1704 232 1732 Cic.
247 1703 280 1731 de
293 1705 369 1731 Orat.
385 1713 398 1731 2
412 1714 434 1731 c.
448 1706 492 1739 67.
550 1703 625 1729 Idem
640 1703 695 1727 Att.
711 1709 751 1734 14,
765 1708 778 1733 5
807 1700 954 1734 Epistolam
975 1700 1028 1726 tibi
1047 1699 1117 1730 mifi,
1217 1707 1233 1727 Ρ
1243 1707 1259 1726 Ε
1269 1708 1288 1726 R
1298 1707 1362 1726 3Εο
1372 1706 1394 1725 Τ
1404 1707 1468 1732 OR,
1491 1701 1540 1727 ari.
1583 1701 1642 1727 Vid.
1667 1708 1707 1727 ΡΕ
1720 1708 1738 1727 R
1748 1708 1761 1727 s
1771 1703 1847 1742 EQV
1857 1710 1876 1730 o
1887 1711 1918 1731 R.

48 1745 79 1766 vt
99 1746 128 1766 tu
146 1739 179 1766 de
199 1741 341 1775 prouincia
354 1741 430 1767 Bruti
445 1749 471 1766 et
487 1739 563 1766 Cassii
578 1738 698 1772 perscita.
714 1759 720 1762 .
737 1736 877 1769 Quaedam
895 1735 1060 1770 exemplaria
1079 1735 1117 1764 Le-
1215 1742 1258 1761 ΡΕ
1269 1741 1289 1760 R
1302 1741 1314 1760 s
1325 1734 1370 1761 ΕΒ
1381 1741 1442 1766 ΕΟ,
1463 1735 1525 1768 ῦᾶἰ,
1547 1739 1600 1762 ὅτε.
1637 1736 1697 1763 Seu.
1718 1737 1798 1770 Epist.
1821 1744 1865 1768 108
1902 1740 1979 1774 Qud
1999 1741 2081 1778 e'rgo?
2101 1754 2156 1774 non
2169 1751 2246 1778 noui-

26 1792 31 1796 .
50 1781 132 1810 gunt,
151 1777 200 1803 Per
213 1776 237 1803 S.
252 1777 283 1803 C.
295 1776 333 1803 ita
345 1776 438 1803 scribit
451 1782 477 1801 et
490 1774 603 1805 Balbus,
616 1780 662 1799 etc.
1179 1779 1238 1796 nius
1251 1770 1382 1810 quosdam
1391 1790 1399 1802 ‚
1413 1770 1462 1804 qui
1477 1771 1568 1797 multis
1585 1771 1655 1806 apud
1670 1771 1871 1807 philosophiam
1883 1776 1960 1803 anuis
1972 1780 2139 1812 persederint
2175 1792 2201 1812 et
2214 1796 2247 1814 ne

32 1835 38 1849 v
86 1818 157 1838 PER
168 1816 182 1838 ς
193 1817 211 1838 c
223 1819 241 1838 1<
252 1814 335 1844 1'130,
355 1811 408 1846 psi,
434 1816 526 1844 ptum,
554 1812 608 1836 ere.
647 1806 835 1842 [οἷνοιγριέφω]
881 1807 973 1846 Totum
991 1804 1113 1840 scribere.
1179 1806 1300 1833 colorem
1317 1806 1427 1841 quidem
1442 1805 1584 1834 duxerint?
1643 1807 1704 1834 Liu.
1720 1817 1763 1841 45,
1776 1817 1807 1841 39
1836 1811 1896 1838 Hoc
1917 1821 2028 1849 quoque
2047 1819 2120 1851 quod
2139 1804 2222 1849 fideti

45 1846 113 1873 Non
127 1853 180 1873 tam
192 1846 357 1882 perscribere
370 1846 487 1881 possum,
507 1853 588 1879 quam
606 1843 676 1870 mihi
690 1848 795 1878 gratum
810 1842 907 1868 feceris
926 1843 983 1869 Cic.
998 1841 1113 1876 Fan129,
1127 1851 1162 1877 45
1178 1842 1207 1868 in
1222 1851 1293 1877 equo
1307 1841 1362 1869 dies
1382 1841 1528 1877 no&esque
1542 1843 1706 1878 persedendo
1721 1844 1817 1872 habeo.
1891 1849 1926 1875 Vt
1939 1850 2019 1877 etiam
2039 1854 2126 1887 prima
2140 1857 2197 1884 luce
2212 1833 2246 1886 asd’

46 1889 76 1915 25
88 1889 154 1908 extr.
203 1882 290 1923 *Idem
304 1883 378 1922 Fam.
400 1890 441 1914 14,
457 1889 470 1914 5
491 1882 605 1922 ‘Omnes
625 1881 685 1906 sunt
704 1878 843 1920 redditae,
857 1876 1112 1918 diligentissimcque
1176 1878 1356 1913 spefiiaculum
1370 1878 1554 1910 descenderet,
1575 1885 1600 1906 et
1615 1880 1729 1908 meridie
1743 1881 1850 1909 dimiffo
1869 1885 1972 1919 populo
1985 1888 2017 1914 ad
2030 1891 2172 1924 prandium
2185 1903 2245 1929 per-

46 1926 62 1945 a
74 1924 100 1944 te
112 1918 256 1955 perscripta
269 1927 369 1949 omnia.
405 1917 474 1944 Add.
489 1917 557 1944 ibid.
572 1926 612 1950 14,
626 1926 653 1951 4.
728 1916 784 1942 Cic.
793 1915 866 1942 Fam.
884 1923 920 1947 12,
934 1923 963 1947 23
985 1913 1067 1947 Qiod
1083 1922 1112 1940 111
1177 1914 1281 1942 sederet
1301 1915 1371 1942 Suet.
1386 1914 1479 1942 Claud.
1495 1924 1516 1942 c.
1532 1925 1573 1948 34.

44 1953 84 1982 ita
97 1961 235 1989 putarem,
248 1954 304 1990 i'pse
319 1953 521 1990 perscriberem.
594 1953 634 1979 De
648 1952 699 1979 suis
720 1951 800 1978 rebus
816 1950 850 1978 ad
865 1951 983 1985 aliquem
999 1950 1112 1984 perscri-
1214 1958 1255 1978 PE
1267 1957 1286 1977 R
1298 1958 1310 1978 s
1320 1958 1366 1978 EG
1376 1958 1398 1977 N
1412 1958 1420 1976 1
1432 1959 1444 1978 S
1456 1971 1462 1981 ‚
1491 1961 1513 1979 e,
1550 1950 1612 1978 Adi,
1650 1952 1824 1988 [woxdoepyos]
1868 1956 1946 1983 Valde,
1972 1958 2075 1995 figmm
2100 1962 2235 2000 fignificat

16 2001 18 2003 ’
44 1989 112 2019 bere
124 1991 181 2018 Cic.
195 1992 268 2018 Fam.
283 1999 307 2023 5,
320 2001 340 2022 3.
415 1989 612 2016 AuGtoritatem
628 1988 812 2023 perscribere,
831 1987 885 2013 uid.
923 1986 1070 2018 uctoritas,
1084 1989 1112 2012 in
1176 1987 1238 2013 Liu.
1253 1995 1293 2019 25,
1308 1995 1332 2019 ¹3
1361 1987 1479 2013 Pedestre
1499 1987 1631 2022 praelium
1648 1988 1701 2014 fuit
1714 1989 1853 2024 persegne,
1871 1993 1961 2024 paucis
1980 1995 2008 2020 in
2021 1996 2109 2030 prima
2127 2001 2184 2028 acie
2236 1988 2244 1996 ⁶

0 2024 2 2061 1
38 2023 198 2055 'AVCTOR.
271 2025 416 2053 Blanditias
437 2025 603 2059 perscribere
622 2025 688 2051 vino
714 2023 796 2051 Ouid.
815 2023 847 2049 de
862 2023 898 2049 Ar
913 2031 927 2048 e
942 2023 1001 2048 Am.
1023 2030 1041 2052 ι,
1056 2028 1111 2055 ς71.
1124 2028 1158 2054 50
1176 2022 1319 2056 guantibus
1339 2022 1477 2048 Romanis
2196 2012 2244 2038 pu*

45 2057 207 2090 Orationem
221 2062 384 2088 mitiffimam
398 2061 480 2087 alicui
494 2060 552 2086 Cic.
566 2061 639 2093 Fam.
654 2068 677 2092 5,
691 2068 719 2092 4.
779 2057 931 2097 *Planitiem
947 2056 1112 2091 perscribere
1212 2065 1228 2084 P
1238 2065 1254 2084 Ε
1264 2065 1283 2084 R
1293 2065 1305 2084 S
1315 2064 1372 2085 Eis
1382 2078 1390 2090 ,
1409 2058 1499 2083 Persea
1520 2064 1544 2083 et
1561 2057 1664 2084 Perseia
1683 2057 1755 2084 dim
1776 2058 1808 2093 cst
1825 2062 1917 2088 Hecate
1935 2073 1951 2090 a
1968 2071 2046 2100 patre
2066 2070 2138 2106 Perse
2182 2074 2236 2102 Vid

45 2097 149 2125 Sallust.
165 2097 288 2132 Iugurth.
302 2107 325 2123 c.
339 2102 370 2129 98
385 2100 444 2129 (93,
458 2098 509 2129 4).r
524 2094 634 2121 l‹⁷id.,ib1'
651 2095 686 2121 CI.
708 2092 789 2127 Waſje
803 2101 826 2119 et
841 2093 909 2119 Cort.
984 2093 1112 2132 Rationes
1175 2099 1318 2120 HECATE.
1377 2093 1480 2120 Oceani
1501 2093 1555 2120 filia
1575 2094 1632 2120 Cic.
1646 2093 1678 2121 de
1691 2095 1755 2122 Nat.
1765 2096 1846 2124 Deor.
1860 2106 1872 2130 3
1887 2108 1907 2125 c.
1921 2108 1959 2133 19.
1983 2102 2068 2130 Circes
2098 2092 2220 2144 Pasipha·
2235 2095 2242 2103 ’

47 2135 112 2162 scite
125 2140 152 2160 et
172 2133 277 2160 litei-ate
292 2133 457 2167 perscribere
478 2131 535 2158 Cic.
549 2132 577 2157 in
591 2131 678 2157 Pison.
692 2133 731 2156 61.
805 2129 917 2156 Versum
934 2129 1006 2163 puris
1020 2128 1111 2155 verbis
1174 2136 1199 2156 et
1213 2131 1277 2157 Aees
1290 2135 1369 2156 mater
1382 2139 1393 2155 c
1405 2130 1467 2156 sote.
1507 2131 1577 2156 Hinc
2075 2125 2084 2138 '
2206 2121 2242 2145 ‘'¹”

47 2171 118 2198 Hor.
131 2170 215 2202 Serm.
231 2178 252 2202 1,
266 2177 294 2202 4,
308 2176 350 2202 ς4.
424 2168 510 2194 Versu
522 2167 627 2201 aliquid
641 2166 723 2194 Ouid.
739 2175 771 2193 ex
785 2166 860 2192 Ponit.
876 2174 901 2196 2,
915 2175 937 2198 7,
953 2174 988 2197 33.
1051 2165 1111 2191 Per.
1209 2172 1224 2192 Ρ
1234 2172 1252 2192 Ε
1264 2173 1283 2192 R
1295 2173 1307 2192 s
1318 2172 1407 2192 131οΕ
1417 2173 1429 2192 s
1451 2165 1572 2199 Herbae,
1597 2168 1617 2192 i.
1636 2167 1770 2203 Magicae:
1795 2177 1849 2194 cum
1864 2170 1964 2198 Hecate
1975 2182 2059 2203 earum
2072 2187 2156 2207 rerum

47 2206 179 2236 scribere,
193 2204 228 2239 est
244 2208 318 2232 etiam
333 2206 363 2232 In
384 2203 483 2230 tabulas
501 2211 525 2230 et
544 2201 604 2230 abia
621 2203 728 2239 referre.
765 2202 822 2228 Cic.
838 2203 916 2228 Verr.
931 2211 958 2235 4,
975 2209 1021 2234 140
1056 2201 1111 2227 Pri·
1131 2203 1159 2231 33
1175 2201 1232 2228 dam
1243 2202 1345 2238 praesis
1357 2209 1380 2227 et
1395 2201 1484 2228 auHor
1497 2201 1536 2233 lit.
1574 2202 1656 2229 Ouid.
1672 2203 1747 2229 Rem.
1759 2204 1818 2230 Am.
1833 2207 1887 2237 ²63—
2167 2190 2241 2219 quae'

16 2264 18 2266 .
48 2252 123 2271 mum
143 2241 213 2269 mihi
233 2241 323 2269 literas
342 2240 475 2275 publicas,
496 2249 559 2275 quas
580 2240 609 2266 in
628 2239 734 2266 aerario
748 2237 882 2264 sanctiore
896 2237 1016 2264 conditas
1030 2236 1110 2263 habe-
1213 2245 1229 2264 P
1241 2245 1258 2265 Ε
1270 2244 1288 2264 R
1300 2236 1367 2265 SI3N
1380 2245 1441 2270 Ex,
1463 2239 1493 2264 is.
1524 2248 1545 2264 c.
1583 2238 1759 2274 [πολυγέοων]
1796 2240 1903 2268 Sueton.
1924 2243 1958 2271 de
1976 2246 2046 2274 Clar.
2068 2250 2160 2279 Gram,
2182 2263 2196 2280 c

49 2279 131 2311 bant,
146 2278 300 2313 proferunt:
331 2277 359 2303 in
384 2276 483 2312 quibus
500 2275 643 2302 ostendunt
660 2275 752 2302 omnia
767 2283 834 2309 quae
856 2273 913 2300 dixi
933 2273 1035 2305 ablata,
1060 2274 1110 2299 esse
1175 2274 1301 2309 Namque
1322 2275 1375 2300 iam
1390 2275 1515 2309 pei-senex
1529 2283 1674 2309 pauperem
1693 2276 1736 2308 se,
1757 2282 1783 2302 et
1797 2276 1919 2306 habitare
1939 2281 1986 2309 sub

14 2335 17 2338 -
48 2314 202 2352 perscripta]
258 2313 332 2343 Idem
347 2322 396 2348 pro
411 2313 486 2339 Rosc.
501 2313 578 2339 Com.
594 2321 610 2339 2
623 2321 645 2338 c.
661 2321 670 2338 1
696 2312 787 2346 Egone
803 2311 868 2337 hanc
883 2319 990 2337 manum
1005 2309 1110 2344 plenam
1174 2311 1274 2345 scripto
1295 2310 1403 2337 fatetur.

0 2362 2 2378 1
48 2350 195 2387 perfidiae,
218 2355 244 2377 et
258 2349 306 2377 hos
327 2349 425 2384 digitos
446 2358 519 2376 meos
534 2348 674 2383 impellere
694 2347 784 2383 potui.
809 2353 837 2374 vt
851 2346 947 2373 falsum
963 2346 1109 2381 perscribe·
1214 2353 1230 2373 P
1242 2353 1259 2373 Ε
1270 2353 1287 2372 R
1299 2354 1312 2374 S
1323 2352 1418 2373 E-NES
1428 2352 1489 2379 CO,
1510 2346 1565 2373 ere.
1601 2346 1712 2381 Eutrop.
1726 2356 1746 2380 1,
1761 2356 1783 2374 11
1804 2349 1872 2376 Cum
1887 2360 1971 2379 vxore
1984 2357 2121 2389 per-senuit

49 2396 106 2416 rem
118 2387 238 2412 nomen?
308 2385 387 2412 Dina
401 2385 493 2412 omnia
506 2385 626 2411 iudicum
640 2385 697 2411 Cic.
711 2393 760 2418 pro
775 2383 841 2410 Sull.
853 2392 894 2416 41.
970 2382 1045 2408 Idem
1060 2391 1109 2417 pro
1126 2383 1164 2409 60
1212 2389 1228 2409 Ρ
1238 2390 1255 2410 Ε
1267 2389 1286 2409 R
1298 2389 1336 2410 SE
1347 2389 1369 2408 N
1383 2384 1421 2409 iL
1434 2389 1442 2408 1
1454 2389 1483 2415 s,
1504 2390 1526 2408 e.
1553 2381 1615 2408 Adi.
1655 2383 1734 2419 Vulg.
1755 2385 1868 2420 interpr.
1882 2388 1976 2416 losuae
1996 2399 2024 2418 2.
2051 2401 2060 2420 ι
2086 2379 2164 2424 Ioi-ua
2183 2397 2193 2424 i

48 2423 124 2451 Rosa.
140 2422 217 2449 Com.
233 2430 249 2448 2
261 2431 283 2448 c.
298 2430 308 2448 1
344 2423 438 2457 Aeque
453 2421 557 2448 tabulae
571 2420 783 2448 condemnantur
797 2420 870 2452 eius,
883 2419 932 2454 qui
945 2428 1040 2446 verum
1053 2428 1109 2446 non
1173 2418 1321 2454 longaeuus
1336 2426 1362 2446 et
1382 2418 1521 2453 persenilis
1536 2418 1639 2445 aetatis.
2013 2410 2035 2425 ³²
2195 2407 2238 2426 am

2008 2286 2104 2319 tegulis
2122 2290 2240 2324 quodam

48 2458 156 2492 retulit,
168 2464 204 2485 -et
216 2458 265 2494 qui
284 2457 380 2484 falsum
399 2457 555 2492 perscripsit.
626 2456 888 2484 Senatusconsultum
908 2456 966 2482 Cic.
983 2456 1011 2482 in
1025 2455 1107 2482 Catil.
1212 2462 1228 2482 P
1240 2463 1256 2483 Ε
1267 2462 1287 2482 R
1299 2462 1336 2483 SE
1346 2461 1367 2481 N
1379 2461 1419 2481 '1¹1
1430 2462 1449 2482 O
1460 2475 1468 2488 ,
1490 2454 1507 2481 fi
1517 2475 1525 2487 ,
1543 2455 1599 2481 sum
1609 2475 1617 2488 ,
1635 2457 1685 2482 ire.
1721 2456 1905 2494 [αἰθοίιιομαι]
1944 2461 2121 2500 Planeftmio¹
2158 2469 2211 2497 Vir

50 2505 74 2530 35
87 2503 141 2528 nc.
156 2496 182 2522 6.
253 2493 330 2520 Idem
345 2495 423 2521 Verr.
439 2503 457 2525 1,
471 2496 506 2520 60
535 2495 566 2520 In
586 2492 690 2520 tabulas
711 2493 831 2528 publicas
843 2492 876 2518 ad
895 2491 1030 2519 aerarium
1049 2500 1109 2527 per·
1176 2493 1242 2519 Aen.
1260 2501 1289 2525 4,
1304 2498 1357 2526 448
1381 2492 1481 2526 Magno
1498 2491 1623 2525 persentit
1638 2491 1747 2526 pectore
1761 2502 1844 2520 curas.
2211 2479 2237 2505 g'

47 2528 182 2560 ffibenda
203 2531 317 2557 curauit.
385 2530 442 2557 Cic.
458 2531 513 2557 Att.
532 2538 558 2563 9,
580 2538 610 2562 14
639 2529 701 2556 Viri
718 2529 785 2556 boni
804 2529 903 2555 Vsuras
924 2528 1108 2562 perscribunt?
1210 2535 1226 2554 Ρ
1238 2536 1254 2555 Ε
1264 2535 1284 2554 R
1294 2536 1307 2556 s
1316 2535 1333 2555 Ε
1343 2535 1365 2555 N
1376 2534 1397 2553 T
1408 2536 1417 2554 1
1426 2536 1439 2555 s
1449 2534 1465 2554 C
1477 2534 1496 2554 Ο
1507 2547 1514 2559 ,
1535 2529 1589 2554 ere.
1609 2528 1798 2562 Inchoatiuum,
1812 2531 1943 2566 Percipere
1955 2534 2055 2569 aliquid
2057 2535 2129 2571 fieri.
2167 2540 2229 2568 Ter

45 2569 64 2595 ί.
85 2568 196 2595 Nomina
210 2566 348 2593 debitorum
360 2568 388 2592 in
402 2566 509 2593 codicem
521 2565 650 2602 referunt.
826 2561 848 2628 Ξ
871 2574 883 2590 2
920 2564 1022 2600 Obseru.
1049 2565 1108 2591 Per-
1121 2564 1154 2596 65
1171 2565 1271 2592 Heaut.
1286 2572 1308 2598 5,
1322 2574 1342 2597 1,
1359 2573 1390 2598 43
1420 2566 1495 2598 Quot
1511 2573 1552 2591 res
1566 2564 1678 2596 dedere,
1696 2564 1744 2591 vbi
1761 2567 1858 2600 possem
1873 2569 2064 2602 persentiscere
2094 2574 2142 2601 nifi
2157 2562 2237 2605 essem·

44 2603 236 2645 seribere,pro
250 2602 429 2638 praescribere.
466 2603 523 2629 Cic.
537 2601 618 2628 Acad.
635 2611 654 2632 1,
668 2610 698 2634 23
719 2601 755 2627 Ex
769 2600 818 2627 hac
851 2601 1108 2635 escriptione‚agen-
1171 2600 1254 2635 lapis,
1275 2610 1343 2636 quae
1363 2600 1432 2628 vidi.
1459 2631 1462 2633 Δ
1488 2600 1532 2627 Ne
1555 2600 1583 2627 id
1608 2606 1637 2628 tu
1660 2602 1863 2636 persentisceres
1888 2604 1957 2631 Ter.
1977 2594 2079 2635 Heaut?
2095 2619 2131 2644 4,
2150 2620 2180 2646 ς,
2198 2622 2235 2643 21.

0 2661 6 2669 ,,
45 2638 74 2666 dl
87 2637 196 2675 q'uoque
211 2639 314 2674 aliquid
328 2638 358 2665 in
373 2639 446 2671 vita,
465 2645 492 2665 et
504 2637 589 2665 officii
602 2637 681 2673 ipsius
696 2637 808 2663 initium
824 2637 1020 2672 reperiebatur,
1034 2636 1106 2672 quod
1169 2637 1276 2664 Lucret.
1296 2646 1318 2670 3,
1340 2644 1389 2670 250

45 2681 102 2703 erat
127 2675 156 2701 in
174 2673 381 2712 copseruatione
404 2683 497 2701 earum
517 2684 625 2707 rerum,
644 2682 708 2709 quas
726 2680 821 2700 natura
834 2673 1003 2709 *persi-tibet.
1061 2673 1109 2701 Sed
1270 2685 1275 2688 ·
1331 2672 1493 2700 Concutiunt
1509 2678 1567 2699 tum
1581 2672 1700 2708 sanguiS,
1712 2674 1813 2701 viscera
1830 2676 2023 2709 persentiscunt

42 2710 237 2748 praescriberet
249 2712 342 2747 legitur
359 2710 628 2738 hodie.'Perscribe1-e
648 2711 788 2746 pecuniam
801 2709 950 2745 soluendam
969 2711 1047 2736 alicui
1059 2716 1108 2745 per
1330 2710 1438 2741 Omnia,
1453 2716 1500 2736 etc.
1557 2710 1666 2746 Quidam
1680 2716 1761 2736 tatum
1778 2710 1815 2744 fic
1827 2713 1877 2748 legi
1891 2714 1987 2748 uolunt,

42 2750 196 2784 trapezitam
209 2746 342 2782 scripmra
359 2747 524 2774 intercedente
535 2756 637 2777 curare,
652 2747 680 2773 de
694 2746 775 2783 mensa
788 2747 900 2784 soluere,
914 2752 944 2772 vt
956 2749 1107 2781 interpreta-
1121 2754 1158 2783 70
1330 2746 1408 2773 Tum
1423 2746 1543 2781 quatitur
1557 2746 1675 2781 sanguis,
1691 2751 1748 2772 tum
1763 2747 1864 2774 viscera
1876 2750 2074 2782 persentiscunt.

4 2793 5 2796 ,
43 2790 87 2812 tur
102 2784 191 2810 (ἔναρα.
205 2782 244 2809 ad*
251 2783 307 2810 Cic.
321 2785 375 2810 Att.
391 2785 428 2816 16,
444 2792 464 2809 2.
537 2783 606 2810 Ter.
620 2783 728 2810 Phor-m.
743 2790 766 2816 ς,
781 2788 804 2816 8,
818 2792 850 2816 30
873 2781 922 2809 Sed
937 2781 1015 2809 transi
1030 2781 1106 2809 sodes
1209 2787 1226 2807 Ρ
1236 2788 1253 2808 Ε
1265 2788 1282 2808 R
1295 2788 1308 2809 s
1319 2789 1360 2810 ΕΡ
1370 2780 1420 2810 1ῐὸ
1433 2789 1455 2808 Ν
1465 2789 1498 2815 Ε,
1519 2791 1555 2809 eS.
1580 2782 1600 2809 f.
1637 2782 1814 2818 [Περσεφόνη]
1852 2786 1887 2810 Ea
1901 2783 1948 2818 est,
1961 2795 2021 2822 quae
2035 2798 2050 2814 a
2063 2789 2157 2823 nostris
2169 2793 2234 2821 Pro-

44 2819 78 2848 ἃᾶ
92 2819 199 2851 forum,
217 2824 298 2854 atque
317 2817 384 2845 illud
403 2818 473 2845 mihi
488 2826 627 2854 argentum
646 2819 709 2846 iube
730 2820 819 2846 rursus
838 2819 950 2847 rescribi
964 2818 1103 2846 Phormio.
1169 2818 1274 2853 serpina
1295 2818 1406 2851 dicitur,
1426 2828 1566 2854 quanquam
1579 2825 1603 2845 et
1617 2822 1702 2853 priori
1721 2819 1837 2845 vocabulo
1854 2830 1961 2848 nonnum
1974 2832 2028 2849 uam
2048 2825 2129 2859 nostri
2143 2830 2233 2857 Poetae

45 2862 73 2884 ι’.
88 2855 196 2892 quodne
214 2864 264 2890 ego
283 2854 420 2890 perscripsi
435 2863 517 2890 porro
537 2855 607 2888 illis,
619 2855 717 2890 quibus
734 2854 825 2882 debui.
863 2855 910 2882 Sed
928 2855 1053 2890 Discripsi
1072 2856 1105 2882 Ie·
1169 2861 1286 2881 utuntur.
1324 2855 1406 2882 Ouid.
1420 2855 1487 2882 Fast.
1501 2864 1530 2888 4,
1544 2863 1586 2887 591
1612 2856 1647 2881 At
1664 2863 1751 2889 neque
1766 2855 1931 2890 Persephone
1970 2858 2031 2893 igna
2047 2862 2083 2888 est
2097 2864 2232 2897 praedone

43 2891 104 2930 gnffi
118 2892 220 2919 videtur
231 2892 368 2924 Donatus,
387 2894 430 2927 qui
443 2894 627 2928 interpretatur
642 2891 734 2918 Multis
749 2900 796 2925 per
817 2892 971 2927 scripturam
987 2891 1105 2924 reddidi,
1168 2891 1278 2918 marito.
1353 2893 1403 2918 Pro
1417 2893 1502 2918 Morte
1514 2894 1588 2917 etiam
1599 2893 1714 2926 ponitur.
1757 2891 1840 2918 Ouid.
1855 2893 1934 2927 Epist.
1950 2903 1990 2928 21,
2004 2899 2041 2929 46
2067 2899 2231 2934 Persephone

0 2939 7 2946 .
47 2928 139 2956 multis
153 2927 229 2956 dedi:
241 2933 270 2954 vt
284 2927 353 2962 apud
361 2927 522 2962 Virgilium,
532 2927 643 2954 Diditur
656 2927 700 2954 hic
713 2927 801 2954 subito
809 2928 933 2955 Troiana
943 2937 989 2963 per
996 2929 1101 2963 agmina
1118 2934 1151 2962 75
1168 2927 1271 2953 nostras
1286 2928 1371 2962 pulsat
1385 2927 1479 2954 acerba
1494 2926 1574 2952 fores.
1632 2927 1664 2952 Et
1677 2925 1787 2954 Tibull.
1802 2936 1826 2961 3,
1841 2936 1864 2961 5,
1877 2938 1891 2962 5
1920 2930 1954 2957 At
1974 2932 2045 2959 mihi
2064 2935 2229 2970 Persephone

44 2965 156 2993 Rumor.
195 2963 269 3000 ‚Quod
281 2963 377 3000 quidem
390 2965 524 2999 exemplam
535 2967 626 2999 optime
639 2963 673 2990 ad
685 2963 812 2998 discripsi,
825 2964 860 2991 ad
872 2965 1007 3000 perscripsi
1022 2972 1102 2991 autem
1167 2964 1271 2997 nigram
1287 2963 1431 2989 denunciat
1444 2962 1549 2989 horam.

0 3018 1 3021 =
43 3001 109 3028 nullo
122 3000 191 3027 modo
205 3004 330 3027 conuenit.
368 3001 455 3035 Itaque·
467 3003 559 3036 recepit
567 3000 691 3035 Discripfi
706 3001 842 3027 Bentlcius.
879 3001 926 3028 Sed
937 3001 1103 3027 Perscribcn-
1203 3007 1218 3025 Ρ
1228 3006 1244 3025 Ε
1256 3005 1275 3025 R
1286 3006 1299 3025 s
1308 3006 1327 3026 Ε
1340 3005 1354 3025 Ρ
1367 2996 1386 3026 ὅ
1395 3005 1408 3024 t
1422 3006 1430 3024 1
1441 3006 1468 3035 s,
1490 2998 1521 3024 iS.
1542 2997 1562 3024 f.
1600 2997 1800 3034 [Περσαίπολις]
1837 3000 1919 3036 Regia
1932 3008 2054 3030 veterum
2062 3005 2172 3033 Persidis
2185 3017 2227 3035 re-

45 3036 160 3064 diuerbo
170 3036 204 3070 sic
216 3040 300 3063 vritur
313 3036 370 3063 Cic.
380 3036 433 3062 Att.
448 3039 485 3069 14,
500 3045 524 3063 2.
551 3036 609 3063 Vid.
624 3046 680 3063 mox
696 3042 921 3065 PERSCRIPTIO.
960 3037 1102 3063 Pecuniam
1167 3044 1246 3069 guni,
1268 3042 1296 3061 ut
1317 3035 1425 3071 appellnt
1446 3035 1521 3061 Curt.
1543 3042 1567 3067 5,
1586 3036 1602 3060 6
1624 3034 1667 3060 ubi
1685 3034 1755 3061 illius
1775 3035 1884 3064 diuitias
1902 3045 1926 3064 et
1941 3041 2073 3066 interitum
2093 3041 2227 3078 describit:

46 3073 80 3100 in.
87 3072 178 3100 aedem
193 3074 291 3101 sacram
305 3072 478 3099 reficiendam
493 3073 656 3107 perscribere
671 3073 727 3100 Cic.
744 3082 793 3108 pro
802 3073 884 3100 Flacc.
898 3083 935 3108 44
949 3082 970 3099 c.
981 3082 1016 3106 ¹9·
1134 3093 1137 3095 .
1165 3074 1253 3098 ruinae
1266 3071 1337 3097 hodic
1352 3071 1432 3097 adhuc
1453 3076 1575 3106 occupant
1591 3073 1806 3106 peregrinatores.

52 3117 72 3130 ·—·
86 3115 103 3135 Ρ
117 3115 133 3136 Ρ,
144 3116 164 3136 R
173 3116 186 3136 s
195 3116 239 3136 cR
248 3116 257 3135 1
267 3116 282 3136 Ρ
291 3116 313 3136 Τ
322 3116 344 3136 ν
353 3117 383 3141 s,
409 3117 439 3141 a,
467 3118 522 3136 um.
561 3107 654 3136 Partic.
692 3110 705 3144 [
717 3109 932 3145 ἀναγεγραμμένος
946 3110 959 3144 ]
998 3111 1103 3136 Dicitur
1117 3109 1150 3136 80
1205 3113 1220 3133 P
1230 3115 1246 3134 E
1259 3114 1278 3133 R
1289 3115 1301 3134 S
1314 3106 1331 3134 ἒ
1341 3114 1392 3147 QV
1402 3115 1420 3134 O
1432 3113 1464 3139 R,
1481 3108 1584 3133 secutus
1597 3106 1762 3142 sum,sequi.
1783 3108 1848 3142 Dep.
1870 3106 2047 3144 [καταδιώκω]
2066 3112 2227 3148 Insequifin-

68 3143 113 3178 uod⁴
129 3145 212 3171 literis
228 3144 398 3182 consignatum
419 3142 468 3178 est,
493 3152 517 3171 et
539 3148 704 3171 monumentis
722 3149 834 3181 antiquis
853 3149 1015 3178 continetur,
1035 3145 1103 3181 apud
1158 3142 1267 3178 ftHari.
1317 3144 1399 3170 Plaut.
1414 3144 1486 3170 Men.
1506 3152 1534 3176 4,
1554 3152 1572 3175 1,
1593 3147 1606 3173 8
1638 3144 1694 3169 Ha'c
1713 3144 1788 3171 abiit.
1808 3151 1834 3170 P·
1853 3143 1871 3170 fi
1892 3145 1930 3170 vis
1952 3147 2076 3181 persequi
2097 3149 2225 3185 vestigiis.

75 3177 206 3207 icetonem
213 3181 324 3217 semper:
344 3188 374 3208 vt
387 3181 420 3208 de
432 3182 526 3216 Arusp.
540 3182 617 3216 Resp.
632 3190 659 3214 32
682 3183 841 3217 Quanquam
856 3182 906 3209 hoc
922 3182 939 3208 si
954 3182 1043 3208 minus
1057 3183 1102 3208 Ci-
1165 3180 1234 3206 Ter.
1249 3179 1356 3206 Phorm.
1378 3188 1399 3212 3,
1420 3188 1443 3212 3,
1465 3184 1490 3209 18
1506 3180 1639 3220 ·Qloquo
1666 3178 1730 3206 hinc
1751 3179 1930 3214 asportabitur
1951 3187 2079 3209 terrarum
2089 3204 2096 3215 ‚
2122 3193 2224 3214 certum

48 3214 102 3241 vili
112 3215 357 3255 ,iurelperscriptum
371 3217 422 3251 est,
444 3218 501 3253 lege
516 3225 605 3244 tamen
618 3226 741 3249 naturae,
755 3219 892 3246 communi
906 3219 964 3246 iure
979 3218 1101 3252 gentium
1164 3215 1201 3242 est
1221 3215 1354 3250 persequi.
1436 3217 1525 3242 Arnus
1544 3215 1687 3242 furialibus
1709 3216 1830 3250 persequi
1850 3215 1968 3250 aliquem
1999 3218 2097 3246 Lucan.
2119 3230 2143 3252 1,
2164 3231 2224 3250 200.

0 3253 7 3275 1·
49 3252 180 3278 sancitum
193 3252 244 3284 est,
262 3260 291 3279 vt
305 3253 373 3288 nihil
393 3255 519 3281 mortales
533 3264 547 3282 a
566 3254 617 3281 diis
637 3254 835 3281 immortalibus
855 3256 982 3290 vsurpare
998 3254 1100 3289 poffint.
1165 3253 1239 3278 Caes.
1255 3252 1319 3278 Bell.
1334 3252 1405 3278 Gall.
1426 3261 1446 3285 1,
1469 3261 1508 3285 14.
1545 3252 1603 3279 Cic.
1621 3252 1691 3278 Fam.
1714 3261 1735 3283 ς,
1758 3259 1766 3277 1
1796 3249 1836 3277 Ad
1858 3252 1887 3277 V.
1906 3252 2015 3279 Calend.
2028 3256 2112 3289 Maii,
2140 3267 2225 3293 quum

0 3288 3 3309 l
48 3286 203 3313 Auctoritas
222 3287 327 3314 Senatus
342 3291 483 3325 perscripta
502 3292 559 3318 Cic.
574 3292 646 3318 Fam.
664 3300 684 3323 1,
698 3299 723 3317 2.
796 3292 856 3318 Hoc
875 3291 1050 3327 perscriptum
1071 3292 1100 3317 in
1117 3289 1146 3319 83
1165 3288 1197 3315 de
1212 3288 1261 3321 iis,
1280 3289 1328 3323 qui
1341 3288 1426 3315 hostes
1440 3288 1552 3315 iudicati
1567 3289 1639 3319 sunt,
1654 3287 1727 3314 Bello
1741 3287 1928 3321 persequendis
1947 3290 2091 3319 sententiae
2106 3293 2226 3322 diceren-

48 3322 230 3350 monumentis
242 3324 378 3350 veteribus
391 3327 527 3360 reperietis
539 3327 614 3354 Idem
627 3329 720 3362 Agrar.
736 3336 748 3354 2
763 3336 784 3353 c.
800 3336 836 3360 32.
1166 3331 1220 3351 tur·
1256 3324 1325 3352 Add·
1343 3324 1380 3351 [d-
1395 3324 1428 3351 fid
1447 3325 1520 3352 Bru(-
1536 3325 1581 3358 ΕΡ·
1597 3332 1616 3357 5·
1687 3323 1743 3348 Cic·
1759 3331 1808 3357 1)Γο
1821 3323 1904 3350 Flacc·
1918 3333 1950 3357 47
1971 3326 2049 3353 Hunc
2065 3328 2225 3360 aestuantem

51 3377 56 3381 .
89 3365 105 3384 Ρ
117 3366 132 3399 Ε
144 3365 163 3384 R
173 3366 186 3385 S
196 3365 213 3386 c
224 3364 243 3384 R
255 3365 264 3384 1
274 3365 291 3384 Ρ
303 3365 325 3386 Τ
337 3366 391 3392 10,
410 3363 477 3388 onis.
498 3362 518 3390 f.
553 3363 722 3397 [οἰναγραεφὴ]
760 3363 890 3391 Laudatur
903 3364 959 3392 Cic.
969 3364 1041 3390 Fam.
1057 3370 1103 3396 5,2.
1165 3367 1191 3388 et
1211 3361 1431 3396 tergiuersantem
1445 3361 1550 3388 Iudicio
1564 3360 1609 3386 ille
1625 3359 1800 3393 persequitur.
1873 3360 1964 3387 Terra
1978 3368 2003 3388 et
2018 3365 2087 3390 mari
2101 3368 2225 3403 persequi

48 3394 105 3423 Iam
120 3394 188 3420 1llud
205 3394 471 3436 Senatusconsultum,
484 3399 554 3432 quod
566 3409 600 3426 eo
614 3400 657 3426 die
672 3399 773 3426 fafium
787 3400 838 3432 est,
860 3409 889 3428 ea
911 3399 1102 3434 perscriptione
1165 3396 1282 3432 aliquem
1295 3398 1352 3425 Cic.
1367 3399 1420 3424 Att.
1434 3407 1457 3430 7,
1472 3406 1510 3424 22.
1583 3395 1656 3422 Idem
1671 3394 1703 3420 de
1716 3395 1785 3421 Clar.
1801 3395 1875 3422 Orat.
1888 3404 1938 3431 307
1962 3397 2042 3425 Brute
2055 3401 2129 3435 poffis
2143 3406 2226 3433 (nam

3 3446 29 3470 ·-
49 3431 102 3465 est,
122 3437 151 3457 vt
167 3430 230 3456 dum
245 3430 273 3470 id
286 3431 539 3464 exstabtt,0fficium
552 3445 641 3463 meum
656 3437 683 3462 in
698 3442 723 3462 te
733 3436 876 3463 obscurum
889 3438 938 3463 effe
951 3445 1004 3462 non
1017 3435 1100 3469 possit.
1168 3434 1258 3461 Attico
1277 3434 1341 3460 haec
1361 3441 1425 3460 nota
1445 3435 1522 3465 sunt)
1543 3438 1568 3458 et
1586 3431 1678 3458 videre
1702 3430 1925 3466 quemadmodum
1946 3432 2022 3460 simus
2041 3436 2068 3462 in
2090 3438 2177 3473 spatio
2190 3442 2229 3475 Q

8 3469 80 3506 Et
92 3467 156 3504 sane
175 3465 304 3502 perscribi
323 3466 440 3507 dicu-ntur
453 3468 518 3495 scta
537 3477 566 3496 vt
579 3472 647 3499 modo
662 3471 765 3499 dtfium.
802 3472 850 3500 Sed
861 3474 879 3500 Ι.
891 3483 913 3500 c.
927 3471 959 3505 esi
975 3471 1101 3498 Praescri-
1113 3478 1149 3503 90
1168 3470 1342 3497 Hortensium
1364 3470 1444 3505 ipfius
1465 3469 1583 3503 vestigiis
1603 3467 1741 3502 persecuti.
1774 3468 1821 3493 Per
1843 3470 2043 3497 translationem.
2130 3476 2225 3503 Acrius

41 3503 149 3541 sptione.
186 3502 233 3530 Sed
246 3503 404 3537 Perscriptio
416 3503 476 3539 fere
490 3504 524 3530 ad
542 3515 592 3532 rem
610 3511 749 3535 numeriam
773 3512 903 3544 pertinet,
918 3509 947 3535 de
968 3517 1015 3544 qua
1032 3507 1102 3534 modo
1167 3506 1271 3541 aliquid
1286 3507 1344 3534 Cic.
1358 3507 1390 3533 de
1404 3507 1477 3533 Orat.
1495 3515 1516 3537 2,
1530 3510 1580 3534 ¹82·
1652 3503 1821 3530 Academiam
1840 3510 1959 3531 veterem
1982 3508 2171 3543 persequamur
2185 3513 2224 3539 Id,

47 3537 145 3566 dit-ium
159 3542 186 3565 in
199 3539 273 3565 verbo
290 3544 468 3566 PFRSCRJBO
485 3549 511 3566 n.
526 3549 548 3567 2.
585 3543 639 3570 Cic.
654 3540 686 3570 de
698 3545 772 3573 Orat.
787 3555 807 3579 1,
821 3554 870 3579 250
883 3555 905 3572 c.
921 3551 948 3579 58
978 3543 1050 3571 Side
1065 3551 1103 3570 ta-
1166 3543 1246 3570 Acad.
1261 3552 1281 3576 1,
1294 3551 1319 3579 7.
1395 3545 1426 3569 Et
1440 3543 1471 3569 de
1487 3542 1543 3568 Fin.
1560 3549 1579 3572 1,
1593 3541 1623 3572 36
1660 3540 1691 3566 In
1704 3548 1758 3573 quo
1777 3540 1893 3566 maxime
1913 3543 2052 3570 consueuit
2067 3545 2165 3574 iactare
2179 3558 2224 3576 vc-

0 3609 3 3616 .
43 3573 120 3602 bulis
142 3580 168 3602 et
191 3573 431 3615 perscriptionibus
451 3576 537 3603 sermo
556 3577 601 3604 est.
654 3579 729 3607 Rei-‘te
741 3581 781 3615 fic
803 3582 915 3609 Lambin.
935 3588 958 3608 et
970 3582 1059 3611 Pearce
1071 3589 1101 3606 ex
1166 3578 1217 3606 stra
1239 3580 1263 3606 se
1280 3580 1386 3612 oratio,
1406 3585 1450 3605 tua
1465 3576 1637 3612 praesertim,
1660 3575 1837 3615 quistssdiOse
1853 3577 1972 3612 Antiqua
1988 3581 2154 3616 persequeris
2174 3585 2225 3611 cla-

49 3612 125 3652 MSS·
139 3613 171 3638 αἱ·
183 3612 294 3652 Pfflssstl}
324 3612 389 3652 'cles
404 3611 457 3638 Ast·
470 3621 488 3645 4
501 3613 546 3640 ult.
573 3614 645 3640 Haec
691 3616 747 3644 6110
765 3627 821 3644 non
835 3618 942 3650 verbis,
958 3615 1001 3643 sed
1014 3616 1102 3643 nomi-
1164 3615 1202 3641 ris
1222 3622 1248 3642 et
1267 3616 1384 3643 fortibus
1403 3615 1469 3641 viris
1490 3611 1740 3652 commemorandis,
1754 3618 1801 3638 etc.
1874 3613 1930 3639 Cic.
1946 3614 1978 3641 de
1992 3616 2050 3643 Fin.
2072 3626 2090 3648 1,
2110 3626 2142 3653 72
2177 3621 2228 3647 Eas

49 3647 129 3674 nibus
148 3653 174 3674 et
194 3646 433 3683 perscriptionibus
450 3648 598 3675 multorum
617 3650 661 3680 ‘ab
693 3651 713 3678 is
726 3663 786 3681 cum
806 3655 855 3681 esse
874 3654 943 3680 fafta
959 3653 1102 3679 diceretur.
1117 3657 1150 3684 95
1167 3661 1232 3686 ergo
1253 3659 1321 3679 artes
1337 3652 1554 3687 persequeretur,
1577 3646 1688 3674 viueudi
1702 3647 1795 3674 Artem
1815 3653 1930 3682 tantam,
1951 3656 2059 3687 tamque
2073 3657 2224 3688 operosam,

24 3707 30 3709 .
48 3684 135 3718 Etiam⁴
142 3684 183 3710 hic
195 3684 307 3720 obseruat
314 3684 664 3723 Graeuiuffflerscriptiones
677 3686 727 3720 effi,
734 3699 795 3725 quas
807 3690 877 3717 hodie
893 3696 983 3717 vocant
997 3688 1103 3725 affigna-
1166 3694 1192 3714 et
1211 3688 1323 3723 perinde
1339 3686 1502 3714 fructuosam
1521 3684 1702 3718 relinqueret?
1774 3684 1847 3710 Bona
1866 3685 1910 3711 sua
1924 3694 2045 3721 repetere
2058 3698 2086 3716 ac
2101 3692 2224 3726 persequi

1 3721 5 3725 ⁴
48 3721 130 3758 tiones
143 3719 177 3745 ad
189 3721 364 3761 Ti-apezitam
402 3720 458 3746 Cic.
473 3719 589 3755 Philipp.
605 3728 628 3754 5,
643 3730 664 3748 11
681 3731 703 3748 c.
715 3733 734 3757 4
765 3726 812 3753 1112
826 3736 894 3753 vero
909 3719 1042 3759 diffipatio
1059 3733 1102 3759 pe-
1166 3724 1215 3751 lite
1230 3731 1308 3759 atque
1323 3723 1423 3750 iudicio
1438 3722 1495 3749 Cic.
1510 3722 1586 3746 Verr.
1601 3728 1623 3759 ᾖ,
1637 3727 1674 3753 47
1686 3728 1708 3745 c.
1723 3728 1756 3752 ¹3·
1831 3721 2015 3750 Caerimonias
2036 3725 2165 3753 institutas
2183 3727 2222 3753 Id.

0 3771 1 3774 =
48 3763 142 3781 cuniae
154 3755 274 3789 publicae
287 3755 396 3783 ferenda
417 3755 492 3782 nullo
513 3756 595 3783 modo
608 3757 660 3787 est,
677 3767 724 3792 per
742 3769 821 3795 quam
836 3763 928 3798 septies
943 3761 1041 3788 millies
1053 3761 1103 3787 fal·
1168 3770 1216 3795 pro
1238 3761 1328 3787 Domo
1348 3768 1399 3792 141.
1491 3757 1587 3783 Causas
1607 3764 1635 3781 m
1654 3754 1769 3782 obscuro
1781 3755 1876 3790 positas
1889 3760 2013 3794 persequi
2039 3762 2106 3788 Cels.
2118 3771 2126 3788 1
2140 3762 2220 3797 praef.

49 3790 81 3827 fis
102 3791 354 3831 perscriptionibus,
373 3792 620 3827 donationibusque
639 3795 746 3822 auertit.
800 3797 875 3826 Idem
897 3807 945 3833 pro
965 3797 1047 3824 Flacc.
1064 3805 1102 3832 74
1167 3796 1367 3823 Consuetudine
1384 3799 1409 3820 et
1422 3793 1555 3820 celeritate
1575 3791 1724 3824 scribendi,
1741 3791 1870 3819 facillime
1885 3803 1953 3828 quae
1972 3796 2124 3823 dicerentur
2137 3798 2222 3832 perse-

48 3826 254 3861 Perscriptiones
275 3837 334 3855 cum
354 3829 521 3855 mulierculis
534 3835 622 3863 aperta
641 3829 886 3868 circumscriptione
899 3834 999 3861 fecisti:
1027 3839 1101 3860 tutor
1110 3843 1157 3861 100
1167 3833 1214 3867 qui
1237 3833 1293 3859 Cic.
1308 3840 1357 3866 pro
1373 3829 1444 3856 Sulla
1457 3837 1501 3862 42.
1574 3828 1759 3859 Diuerticula,
1780 3828 1919 3863 flexiones,
1939 3837 1964 3857 et
1978 3833 2133 3859 solitudines
2148 3832 2220 3858 Idem

47 3860 91 3888 his
102 3862 181 3889 rebus
194 3863 357 3903 Graecorum
373 3864 476 3900 legibus
489 3864 676 3892 adscribendus
692 3866 754 3893 fuit.
802 3883 804 3886 ν
824 3871 940 3898 Cic‚Att.
956 3879 993 3902 12,
1009 3878 1033 3903 51
1061 3870 1101 3896 De
1166 3869 1194 3896 in
1209 3869 1294 3895 Pison.
1315 3876 1350 3899 53.
1443 3865 1567 3891 Extrema
1582 3864 1605 3890 ⁴si
1626 3863 1697 3890 idem
1718 3864 1902 3899 persequitur,
1924 3868 1970 3902 qui
1995 3868 2147 3897 inchoauit,
2167 3868 2221 3895 iam

16 3923 17 3926 ,
47 3897 164 3925 Gerenia
176 3897 242 3933 quid
262 3899 314 3926 tibi
335 3900 463 3934 placeret,
477 3901 553 3927 Tiro
567 3901 637 3927 mihi
650 3903 783 3929 narrauit:
802 3904 914 3937 debere,
930 3915 985 3932 non
999 3906 1047 3932 effe
1062 3905 1102 3931 di·
1167 3905 1257 3932 omnia
1276 3901 1393 3939 perfecta
1406 3900 1559 3927 videbimus
1578 3900 1634 3927 Cic.
1649 3901 1681 3927 de
1696 3900 1819 3927 Prouinc.
1833 3902 1943 3929 Consul.
1958 3912 1994 3936 19.
2064 3902 2149 3929 Factis
2162 3912 2221 3937 per-

46 3934 155 3968 gnitatis
167 3937 258 3961 meae:
278 3937 497 3972 perscriptionem
517 3937 570 3963 tibi
590 3937 709 3972 placere,
722 3938 768 3964 hoc
777 3938 810 3971 qs}
819 3941 966 3977 finnionem
981 3952 996 3968 a
1010 3941 1101 3977 mensa,
1166 3941 1243 3976 sequi
1263 3938 1335 3975 quod
1355 3938 1470 3964 dicimus
1496 3936 1578 3963 Plaut.
1594 3937 1675 3963 Merc.
1697 3944 1732 3968 3,·
1740 3945 1761 3971 2,
1777 3945 1808 3962 11.
1831 3940 1849 3963 i.
1875 3939 1970 3965 Facere.
2043 3939 2119 3964 Feras
2139 3939 2221 3966 Ouid„

16 3974 18 4006 Ἰ
47 3970 136 4006 Itaque
150 3970 346 4005 moxfi’quiturr:
370 3973 526 4000 Sustinenda
543 3979 632 4000 tamen
652 3974 752 4002 solutio
764 3974 800 4002 est
813 3979 932 4006 nominis
944 3978 1103 4011 Cerelliani,
1167 3977 1246 4012 Epist.
1267 3985 1299 4009 9,
1320 3983 1361 4008 34.
1438 3972 1621 4005 Hereditates,
1635 3978 1681 4009 aut
1699 3972 1856 4007 syngraphas
1879 3974 1934 4000 siuas
1954 3974 2085 4007 legatione
2109 3973 2165 4000 Cic.
2187 3975 2220 4001 de

16 4011 18 4038 ζ
49 4004 114 4033 diun
126 4011 153 4034 et
165 4005 197 4033 de
212 4006 321 4034 Metone
333 4013 360 4033 et
371 4008 404 4035 de
417 4009 533 4038 Faberio
546 4010 667 4039 sciamus.
792 4017 796 4019 ’
946 4019 948 4021 ·
1112 4018 1156 4046 ιος
1166 4014 1247 4050 Legg.
1262 4021 1283 4045 3,
1299 4016 1334 4043 18.
1389 4010 1480 4036 Locum
1493 4009 1627 4037 notabilem
1639 4012 1726 4036 damus
1743 4012 1771 4036 in
1790 4014 1942 4037 LEGATto
1959 4009 2052 4035 libera.
2125 4009 2220 4036 Hostes

206 4049 227 4070 v
235 4048 254 4070 0
263 4048 291 4069 1..
327 4043 387 4071 111.
860 4057 862 4059 ·
1365 4053 1380 4080 5
1399 4046 1430 4073 Μ
2098 4046 2222 4081 persequi
