2517 4231
321 322 342 344 0
353 323 371 343 C
379 321 396 343 c
407 319 430 343 v
440 318 492 342 ΡΛ
503 317 528 340 N
539 317 571 344 s,
588 311 665 340 antis.
684 309 760 338 Part.
803 299 1028 337 [καταλαμβάνων]
1066 294 1177 338 QuinEi.
1198 295 1342 323 Declamai.

285 363 308 386 ¹3
328 352 415 381 Multa
427 349 515 377 nihilo
529 348 627 380 minus,
640 354 706 381 quae
721 343 805 369 libera
819 339 944 371 fuerunt,
963 335 1097 363 transeunt
1111 341 1142 360 in
1158 340 1200 359 ius
1213 340 1341 367 occupan-

283 390 368 424 tium,
382 387 449 415 sicut
466 385 574 412 venatio
584 390 609 410 et
622 378 768 414 aucupatio.
822 410 828 416 .

322 423 507 452 OCCVPKT
518 427 539 447 v
551 427 582 453 S,
612 427 643 451 a,
674 423 728 442 uin.
761 412 856 439 Partic.

284 461 549 529 ἱὲἧῗὲηὲἶῐξῖμιῗςῃε
558 476 567 489 ’
584 463 599 481 a
613 450 706 514 gililalzlcli
720 483 837 510 aduentu
849 479 968 509 hostium
980 477 1101 513 occupati
1113 476 1243 513 praelium
1256 474 1339 510 capes-

285 533 346 559 sunt
365 531 439 559 Idem
452 539 464 556 2
490 536 513 555 12
529 535 562 553 21.
633 522 797 555 Occupatum
810 516 951 552 complexu
964 512 1088 540 arietauit
1100 513 1130 540 in
1144 519 1244 540 terram
1264 512 1339 539 Curt.

363 577 391 595 22
466 547 475 561 ²
502 547 571 587 x’lrbs
582 563 707 592 occupata
722 553 899 582 seditionibus
918 551 988 578 Hor.
1002 550 1092 578 Carm.
1104 558 1126 582 3,
1138 551 1164 582 6,
1178 556 1211 580 13.
1291 548 1339 573 Ac.

283 577 362 640 {igtb
375 588 484 629 vulnere
497 600 653 630 occupatus,
678 600 725 628 per
742 591 801 618 suos
813 598 864 626 pro
875 587 962 615 occiso
977 585 1091 613 sublatus
1105 585 1141 612 est
1178 584 1250 610 Caes.
1263 583 1291 610 B.
1306 583 1340 609 C.

284 649 297 673 3
315 648 369 673 109.
390 639 407 664 ἰ.
427 631 548 671 opprffts
559 631 602 656 vel
612 634 770 662 praeuentus.
983 659 988 664 “
1038 655 1049 667 ν
1254 653 1261 664 Ι

283 661 335 703 L'iu
359 683 389 707 27
411 680 445 698 zi.
598 664 620 704 ff
635 673 651 692 2
671 665 922 698 Occupatus,a‚um.
940 658 1141 701 Adi..[aeq<aao·c,
1154 656 1340 690 ἰνιιχολκμενος]

313 694 406 736 ufant'e
418 706 515 739 negotio
528 703 613 738 aliquo
625 702 736 727 detentus
745 720 753 732 ‚
784 706 831 724 non
843 694 919 732 potest
931 701 1027 730 negotio
1040 694 1146 719 alterius
1156 699 1253 727 operam
1262 692 1339 731 dare.-

283 754 314 772 vt
325 745 362 771 ait
379 740 449 769 Valla
462 748 485 772 5,
500 746 538 772 57.
623 736 680 764 cic.
692 735 726 763 de
740 733 841 768 Sene&
853 742 875 766 3¹
896 733 988 764 Itaque
1001 737 1080 755 nemo
1092 727 1179 754 adhuc
1193 735 1340 768 conuenire

283 789 325 808 me
338 777 439 808 valuit,
458 775 524 810 qu'in
536 773 636 800 fuerim
649 777 799 807 occupatus.
885 767 961 795 Idem
976 765 1060 806 Tiisc.
1074 772 1094 797 ι,
1106 773 1119 794 ς
1136 764 1174 791 Vt
1188 763 1206 791 fi
1218 768 1341 803 occu—pati

282 814 434 852 profuimus
450 810 551 845 aliquid
564 808 669 836 ciuibus
682 807 789 839 nostris,
808 803 937 841 prosimus
949 806 1041 833 etiam,
1060 799 1079 826 fi
1094 800 1236 835 possumus,
1249 799 1338 826 otiosi.
1349 804 1374 832 ις

282 852 444 884 Occupatum
457 853 483 875 et
497 846 655 882 impeditum
666 851 802 878 nunquam
819 841 889 867 hunc
908 841 1050 878 tenuerunt
1061 844 1165 863 amores
1201 835 1275 862 Idem
1288 844 1339 870 pro

280 886 352 915 Cael.
368 896 397 918 44
412 894 433 911 c.
446 892 482 918 19.
579 882 725 916 Occupatus
738 875 872 905 auditioni
890 874 958 902 Plin.
971 874 1014 905 26,
1026 880 1049 898 2.
1157 870 1339 911 Vehementer

281 927 423 955 occupatus
436 919 520 946 homo
550 918 607 946 Cic.
619 925 668 952 pro
681 916 802 942 Muraen.
816 921 856 945 29.
917 944 923 949 ψ
935 908 1009 949 Ideni
1022 908 1075 934 Att.
1090 916 1130 940 io,
1144 908 1160 947 6
1179 907 1211 932 Et
1224 915 1286 940 quia
1297 906 1336 933 fe.

280 957 426 990 stffiabam,
465 963 590 989 eramque
609 951 764 987 occupatior
781 949 814 976 de
832 948 871 980 Q
885 945 962 977 filio,
1000 950 1038 970 ita
1052 952 1095 969 me
1108 941 1217 978 quidem
1229 941 1336 969 sedulo:

280 994 385 1028 reliqua
399 991 477 1019 nosti.
980 1016 985 1021 ·

280 1030 323 1057 sed
338 1030 365 1056 in
384 1025 538 1056 sufficiendo
550 1024 660 1058 Collega
671 1026 820 1056 occupatus.
909 1017 940 1044 In
952 1016 1007 1043 alio
1020 1023 1114 1043 amore
1138 1014 1208 1055 Ter.
1220 1014 1301 1041 Andr.
1309 1022 1340 1055 ις,

280 1075 290 1094 i
314 1074 352 1093 10.
448 1064 480 1091 In
494 1062 573 1089 bonis
611 1060 669 1087 Cic.
682 1067 732 1093 pro
745 1057 820 1084 Rosc.
833 1055 922 1081 Amer.
935 1061 975 1085 93.
1056 1053 1087 1079 In
1100 1049 1189 1078 studio
1227 1049 1294 1077 Cato
1307 1058 1337 1076 in

279 1086 444 1137 p⁵raefatione
456 1099 488 1125 R.
502 1099 534 1124 R.
605 1097 636 1123 In
649 1104 678 1122 re
691 1091 818 1121 familiari
838 1090 894 1117 Cic.
907 1088 939 1115 ad
956 1089 1036 1128 Brut...
1045 1094 1068 1118 8.
1151 1087 1183 1127 In
1197 1087 1222 1113 se
1234 1087 1338 1113 conscr-

279 1136 370 1165 vando
389 1135 462 1163 Idem
476 1134 508 1161 de
521 1131 610 1160 Finib.
624 1142 649 1165 4,
663 1139 698 1164 54.
784 1127 846 1154 Tot
857 1133 941 1153 annos
954 1124 984 1151 in
998 1124 1051 1151 diis
1064 1121 1223 1150 mortalibus
1237 1123 1337 1158 placan-

280 1173 321 1200 dis
339 1172 413 1199 Idem
427 1179 477 1206 pro
490 1170 567 1197 Font.
582 1170 621 1201 36.
713 1163 839 1200 Suspenso
852 1167 878 1188 et
890 1165 1019 1195 occupato
1031 1158 1217 1199 animoalicui
1232 1158 1374 1193 respon-25

279 1210 342 1236 dere
361 1209 419 1235 Cic.
427 1206 459 1234 de
473 1206 547 1233 Orat.
563 1213 582 1237 ι,
597 1212 652 1237 239.
742 1199 870 1228 Animum
880 1202 1039 1231 occupatum
1052 1195 1082 1221 in
1097 1196 1186 1230 aliqua
1199 1203 1228 1221 re
1241 1194 1340 1222 habere

279 1245 355 1274 Idem
370 1244 401 1270 de
410 1245 513 1271 Inueni.
522 1248 570 1274 ¹23¹
579 1249 599 1266 c.
609 1248 647 1266 22.
712 1235 786 1264 Idem
800 1234 832 1261 de
839 1233 931 1274 Legib.
940 1238 979 1265 i,8
999 1232 1096 1266 Neque
1108 1236 1233 1265 occupata
1240 1231 1340 1266 Opera,

279 1289 366 1315 neque
381 1278 512 1314 impedito
525 1276 618 1303 animo
631 1283 673 1301 res
688 1278 758 1300 tanta
772 1270 865 1304 suscipi
879 1269 971 1304 potest.
1056 1266 1131 1307 Idein
1165 1266 1292 1308 roi'lanc.
1303 1268 1338 1307 ⁶.⁶

279 1317 312 1345 Et
325 1315 389 1352 quid
405 1324 455 1349 ego
468 1313 554 1340 dicam
567 1311 599 1338 de
611 1308 743 1344 occupatis
757 1306 823 1333 meis
836 1303 1039 1344 TeniporibuS,
1073 1311 1117 1329 cui
1151 1308 1222 1330 uerit
1240 1312 1274 1329 ne
1286 1308 1338 1329 oti-

902 403 1102 447 [nxroflanoeedc]
1143 404 1273 432 Miserunt
1293 402 1340 437 qui

279 1362 325 1380 um
339 1351 448 1387 quidem
462 1357 579 1384 vnquam
592 1345 727 1374 otiosuin3
815 1341 976 1375 occupatior
989 1348 1064 1366 eram
1101 1338 1167 1366 Plin.
1180 1338 1259 1374 Epist.
1274 1346 1299 1372 2,
1312 1341 1376 1366 2.30

279 1387 421 1416 Habebant
438 1394 480 1412 me
493 1382 692 1419 occupatiorem
709 1377 881 1406 comitiorum
900 1375 1057 1409 dilationes,
1095 1380 1122 1401 et
1134 1374 1291 1415 'exsped'tare
1307 1374 1339 1415 in

279 1424 335 1451 dies
349 1424 451 1451 exitum
465 1420 593 1456 cogebant
612 1416 685 1445 Cael.
699 1414 731 1441 ad
741 1414 796 1440 Cic.
807 1413 941 1444 Fam.8‚4.
957 1445 962 1451 ι
1013 1410 1244 1450 Occiipatiffimiis:
1282 1411 1339 1437 C1c,

279 1462 333 1487 Att.
343 1468 368 1486 iz
387 1464 414 1492 38
427 1458 492 1485 Non
499 1456 593 1483 dubito
603 1454 668 1488 quin
681 1448 886 1484 occupatissimus
894 1447 987 1479 fueris,
1001 1454 1049 1480 qui
1061 1445 1093 1472 ad
1107 1454 1152 1485 nie
1166 1445 1235 1486 ¹¹¹h.ss
1250 1445 1338 1472 litera.

278 1504 357 1527 runi,
370 1480 425 1521 ἐκ.
496 1493 559 1519 Sum
566 1497 653 1517 tamen
666 1487 716 1514 hoc
730 1491 851 1520 tempore
866 1481 1076 1517 occupatissimus
1095 1481 1163 1508 Plin.
1171 1481 1249 1516 Epist.
1257 1490 1282 1516 9,
1290 1490 1338 1508 212.

317 1522 575 1560 οεονΡᾹΤιο,
601 1524 670 1552 onis.
703 1522 721 1549 f.
766 1521 894 1555 [ᾶιχολία,
920 1517 1073 1553 κατάληψις]
1109 1516 1151 1554 Est
1169 1526 1243 1552 quum
1261 1517 1340 1542 alicui
1356 1521 1382 1545 35

278 1565 428 1600 necefflbriae
441 1563 480 1591 νεὶ
532 1569 558 1588 et
569 1561 610 1587 cui
624 1566 683 1585 ame
697 1557 777 1583 omnia
788 1562 887 1591 operum
899 1555 962 1580 dare
978 1553 1101 1586 debemur,
1136 1562 1189 1579 cum
1203 1552 1339 1588 diligentia

277 1596 409 1630 vai-limus.-
445 1606 475 1626 vt
485 1584 526 1624 ’tiit
544 1596 621 1624 Valla.
714 1593 771 1619 Cic.
785 1590 838 1618 Off.
852 1600 872 1625 1,
885 1599 908 1616 21
948 1590 1015 1616 Sunt
1028 1595 1117 1629 autem
1128 1588 1233 1623 priuata
1245 1594 1339 1615 natura

277 1638 349 1666 nulla
386 1635 429 1662 sed
442 1641 486 1662 aut
499 1639 588 1661 vetere
601 1629 775 1665 occupatione
785 1648 793 1661 ,
812 1632 841 1653 vt
853 1625 900 1660 qui
913 1624 1048 1660 quondam
1060 1634 1089 1651 111
1104 1633 1186 1664 yacua
1196 1630 1339 1664 yenerunt.

278 1676 341 1701 Item
354 1658 447 1708 Zostilis
460 1670 562 1703 inuafio.
599 1675 645 1699 vt,
669 1664 785 1692 Obseffio
800 1662 975 1697 templorum,
993 1666 1133 1696 occupatio
1147 1660 1214 1694 fori,
1233 1660 1339 1696 oppres-

278 1709 316 1736 fio
329 1709 418 1734 curiae
451 1706 525 1734 Idem
537 1713 585 1740 pro
601 1704 691 1731 Domo
704 1710 717 1734 ς
731 1710 753 1727 c.
767 1709 788 1732 3.
851 1733 857 1739 ἠ

279 1744 357 1770 Acad.
371 1752 401 1776 4,
415 1753 438 1774 4.
532 1738 725 1767 Molestiss'imae
738 1739 926 1770 occupationes
950 1732 1025 1760 Idem
1036 1733 1109 1759 Fam.
1125 1742 1150 1765 7,
1165 1742 1182 1758 1.
1263 1732 1340 1758 Sum-

279 1788 339 1807 mae
353 1784 429 1811 atque
443 1775 613 1802 incredibiles
644 1773 719 1800 Idem
732 1772 784 1797 Att.
799 1779 817 1803 i,
835 1771 879 1808 16..
906 1804 912 1809 .
940 1767 1104 1809 Descendere
1115 1767 1148 1793 ad
1161 1768 1228 1794 iuris
1241 1766 1338 1795 Ciuilis

278 1812 443 1849 perdiscendi
463 1811 520 1838 Cic.
534 1811 565 1837 de
579 1810 653 1848 Orat.
667 1816 688 1839 ι,
702 1813 765 1845 252..
846 1803 975 1830 Distineri
988 1803 1078 1842 aliqua
1103 1802 1177 1829 Idem
1192 1804 1245 1829 Att.
1260 1811 1284 1843 ²?
1298 1810 1337 1834 23.

278 1851 389 1885 Eripere
403 1854 505 1882 tempus
519 1855 533 1872 e
544 1845 652 1872 summis
673 1842 745 1869 Idem
759 1839 795 1866 ib.
810 1848 829 1873 1,
844 1848 873 1864 ii.
970 1837 1101 1872 Expedite
1116 1839 1141 1864 se
1153 1838 1187 1864 ab
1200 1846 1277 1864 omni
1297 1837 1337 1865 Id.

278 1886 317 1914 ib.
331 1893 354 1919 3,
372 1892 416 1911 20.

279 1922 336 1950 Cic.
349 1922 426 1947 Verr.
440 1926 463 1951 5,
476 1923 512 1951 83.
607 1914 731 1943 Maximis
745 1910 963 1944 occupationibus
976 1909 1107 1944 Impediri
1121 1909 1197 1938 Idem
1210 1910 1282 1937 Fam.
1298 1918 1338 1943 io,

1213 1950 1214 1954 ’
1236 1947 1267 1973 In
1282 1954 1337 1972 ma-

280 1963 317 1988 23.
388 1954 538 1989 Implicatus
551 1948 776 1987 occupationibus
788 1947 862 1974 Idem
870 1945 908 1987 *de*
918 1946 980 1972 Nat.
997 1946 1078 1985 βεστ.
1090 1955 1110 1978 1,
1124 1954 1157 1986 .5¹·
1311 1982 1317 1986 Ι

278 1992 357 2020 ximis
375 1987 594 2023 occupationibus
614 1993 750 2018 uunquam
769 1988 924 2008 intermittis
941 1980 1025 2008 studia
1043 1980 1184 2007 do6hinae
1217 1982 1291 2009 Idem
1310 1990 1338 2008 m

278 2029 355 2054 Orat.
368 2034 399 2058 34
413 2034 435 2050 c.
450 2032 487 2049 10.
559 2020 708 2046 Obseruare
721 2017 905 2049 occupationes
914 2035 923 2047 ,
957 2016 1014 2041 vid.
1031 2021 1208 2042 OBSERVO.
1286 2017 1338 2042 Oc.

276 2059 462 2097 cupationibus
477 2055 616 2092 prohiberi
629 2051 732 2087 aliquid
747 2051 833 2077 facere
853 2050 924 2076 Caes.
937 2049 1001 2074 Bell.
1014 2049 1082 2074 Gall.
1098 2057 1128 2080 4,
1141 2052 1178 2075 16.
1213 2076 1216 2079 ⁴
1262 2049 1338 2074 Rela-
1346 2056 1379 2080 50

276 2107 339 2126 :iare
352 2097 377 2123 se
389 2092 609 2129 occupationibus
641 2089 699 2115 Cic.
712 2087 783 2113 Fam.
798 2095 822 2119 7,
835 2095 854 2112 ι.
1130 2091 1143 2109 2
1180 2083 1339 2123 Occupatio,

273 2142 337 2171 pars
350 2132 479 2159 orationis.
541 2125 626 2159 Valla,
642 2125 780 2158 Occupare
788 2142 797 2154 ,
815 2120 887 2157 [ηερε
900 2125 959 2145 ante
972 2125 1081 2159 capere-e
1110 2138 1119 2150 ‚
1145 2125 1170 2144 et
1197 2121 1242 2151 (vt
1254 2120 1335 2159 alzquz

277 2169 429 2205 loquuntur)
448 2170 630 2202 praeoccupare.
689 2160 756 2186 Vnde
765 2156 864 2193 schema
877 2154 941 2182 illud
945 2156 1092 2196 occupatio
1102 2154 1214 2196 asici'tur,
1234 2161 1338 2189 quoties,

277 2214 339 2242 quae
352 2203 405 2230 dici
416 2203 447 2229 ab
458 2202 509 2228 alio
521 2204 650 2235 poterant,
674 2205 702 2222 ea
713 2194 763 2230 ipsi
769 2191 952 2229 praeueniendo
964 2192 1085 2223 dicimus,
1110 2198 1139 2216 m
1156 2190 1260 2224 nostram
1275 2196 1337 2225 par-

278 2249 327 2268 rem
336 2261 344 2273 ‚
364 2248 394 2265 ne
408 2237 475 2264 nobis
483 2235 565 2272 postea
575 2232 713 2265 officerent,
739 2235 915 2267 retorquentes.
1125 2262 1130 2268 Ι

277 2276 309 2304 in
322 2270 484 2303 hilaritatem
503 2268 642 2305 impulsio,
672 2271 733 2293 ante
754 2269 900 2298 occupatiO.
994 2260 1077 2302 132μῖΙο
1091 2262 1169 2288 aliter
1188 2261 1296 2301 Aufitor¹
1304 2260 1336 2288 ad

277 2312 381 2339 Hei-en.
395 2321 408 2343 4
432 2315 460 2341 38
474 2317 494 2334 c.
511 2315 540 2340 ²7
551 2313 591 2341 pr.
629 2301 777 2337 Occupatio
796 2300 846 2333 est,
886 2307 970 2332 quum
983 2297 1096 2324 dicimus
1115 2306 1165 2338 nos
1184 2304 1339 2337 praeterire,

278 2354 323 2375 aut
345 2356 399 2373 non
411 2330 484 2372 'scire
499 2364 506 2376 ,
548 2347 592 2368 aut
613 2339 685 2366 nolle
703 2337 792 2364 dicere
805 2356 815 2368 ‚
857 2334 885 2361 id
905 2333 977 2369 quod
997 2339 1059 2360 tunc
1078 2340 1195 2360 maitime
1215 2331 1338 2366 dicimus,

277 2383 329 2411 hoc
349 2382 448 2413 niodo,
478 2380 549 2406 Nam
570 2376 601 2403 de
620 2373 736 2410 pueritia
754 2371 863 2406 quidem
883 2376 945 2405 tua,
972 2378 1052 2404 quam
1069 2374 1098 2396 tu
1116 2369 1193 2395 omni
1211 2369 1338 2403 intempe-

278 2418 380 2447 rantiae
394 2414 531 2447 addixisti,
559 2412 691 2444 dicerem,
715 2409 734 2436 (i
753 2407 805 2435 hoc
826 2413 928 2441 tenipus
948 2404 1077 2432 idoneum
1093 2410 1227 2440 putarem:
1268 2413 1339 2432 nunc
1347 2401 1383 2427 60
1400 2401 1513 2436 quaesita
1524 2407 1550 2429 et
1561 2401 1663 2430 exculta
1683 2403 1750 2431 Plin.
1764 2403 1843 2439 Epist.
1855 2412 1880 2437 2,
1894 2413 1914 2437 3,
1928 2412 1954 2431 2.

277 2455 399 2482 consulto
417 2451 549 2485 relinquo.
1003 2476 1009 2481 .
1130 2476 1136 2481 ,

318 2496 337 2516 o
347 2496 365 2516 c
379 2494 397 2515 c
407 2494 452 2514 vr
463 2493 484 2512 Α
496 2492 519 2513 Τ
530 2492 551 2511 v
561 2491 589 2517 S,
609 2482 648 2510 sis.
666 2491 702 2508 m.
740 2480 780 2507 Cl.
793 2480 918 2506 Mamert.
932 2484 971 2513 ap.
986 2475 1075 2504 Sidon.
1089 2476 1168 2510 Epist.
1177 2486 1201 2508 4,
1215 2486 1227 2503 2
1248 2476 1338 2512 Ecquo

279 2531 333 2553 tam
350 2534 381 2552 ex
395 2528 521 2557 occupatu
535 2528 654 2555 vnquatn
668 2517 806 2553 vspiamue
819 2513 1006 2550 implicabere,
1025 2512 1091 2548 quin
1103 2512 1170 2540 illud
1182 2513 1211 2540 in
1223 2512 1341 2540 aliorum

281 2559 422 2589 commoda
435 2561 566 2591 reuergat.

318 2604 338 2624 o
347 2602 363 2623 C
372 2602 388 2622 C
398 2602 418 2621 V
428 2601 443 2620 P
453 2600 474 2620 A
484 2599 506 2619 Τ
519 2598 539 2619 0
550 2598 570 2618 R
581 2598 591 2618 1
599 2597 620 2617 v
630 2596 642 2615 s
653 2610 660 2622 ‚
680 2598 710 2621 a,
736 2595 791 2614 nm.
828 2585 932 2612 Dicitur
951 2586 982 2611 de
994 2584 1090 2619 Agris,
1109 2588 1153 2619 qui
1170 2584 1201 2611 ab
1219 2584 1280 2610 aliis
1303 2593 1338 2611 oc-
1347 2585 1379 2618 63

281 2639 422 2668 cuparum,
445 2639 461 2655 a
472 2627 581 2664 propriis
595 2623 760 2662 pffffiribus
772 2621 893 2649 dereliai.
938 2622 996 2648 νηί.
1013 2620 1097 2648 Flacc.
1113 2621 1214 2656 Aggen.
1226 2628 1249 2647 et
1264 2621 1341 2648 Goes.

283 2678 309 2704 p.
325 2673 449 2701 15et127.
469 2666 499 2691 it.
514 2671 547 2697 45
563 2670 588 2690 et
602 2667 641 2693 43.
1002 2692 1009 2698 ·

320 2709 340 2730 o
349 2709 365 2729 c
376 2708 393 2729 c
405 2708 427 2728 v
438 2708 452 2727 P
461 2706 483 2726 Α
494 2705 580 2728 T1Cl
592 2705 612 2724 ν
622 2704 634 2723 s
644 2716 653 2731 ,
678 2695 747 2731 apud
757 2692 861 2721 Festum
869 2709 878 2723 ,
898 2701 966 2727 quem
979 2693 1046 2719 wde.

320 2745 341 2766 0
355 2745 371 2766 C
382 2744 399 2765 C
408 2736 453 2765 <71³
461 2743 480 2763 Ο
489 2756 498 2769 ,
516 2735 585 2762 onis.
604 2743 640 2760 m.
677 2729 804 2758 Mercurii
815 2737 942 2763 cognomen
952 2728 1090 2768 plebeium,
1117 2738 1171 2755 cum
1182 2727 1280 2755 Furem
1300 2736 1343 2753 vo.

283 2785 340 2802 care
360 2775 454 2800 nolunt.
491 2772 596 2799 Petron.
617 2774 653 2801 58·
697 2767 866 2801 Occuponem
891 2771 1038 2799 propitium
1057 2769 1132 2798 opto.

284 2812 335 2838 Sed
350 2812 480 2835 variatur.

322 2851 343 2873 ο
355 2852 371 2872 c
384 2852 401 2872 c
413 2852 432 2870 v
442 2851 460 2870 R
470 2850 488 2870 R
498 2849 517 2869 o
526 2864 534 2875 ‚
560 2840 648 2874 curri,
676 2837 780 2865 cursum
789 2856 798 2870 ,
829 2837 884 2862 ere.
919 2835 1070 2869 [ἁπαντᾶω.
1093 2833 1257 2868 προέρχομαι]
1296 2834 1343 2860 Ob.

285 2882 354 2908 vium
369 2881 423 2914 fieri
431 2901 440 2914 ,
464 2879 519 2914 stite
533 2878 636 2904 Obuiam
646 2875 791 2910 procedere,
823 2878 852 2897 vt
864 2871 947 2907 cursus
957 2869 1001 2896 illa
1013 2880 1043 2896 ac
1056 2870 1191 2896 celeritatis
1209 2869 1277 2895 notio
1293 2877 1342 2894 non

285 2912 442 2944 includatur.
498 2915 589 2941 lunen.
603 2913 653 2939 Sat.
670 2920 690 2944 i,
702 2911 734 2942 69
763 2907 888 2935 Occurrit
902 2912 1021 2933 matrona
1034 2912 1142 2941 potens,
1173 2914 1240 2939 quae
1259 2904 1342 2931 molle

285 2953 429 2985 Calenum,
456 2957 500 2977 etc.
753 2981 758 2985 .
855 2980 860 2983 ι
1109 2978 1114 2982 η
1194 2977 1220 2982 '-

284 2993 444 3016 occurreret.
536 2985 682 3011 Occurrere
695 2981 805 3007 obuiam
830 2980 890 3006 Liu.
904 2989 928 3011 ,1,
941 2987 986 3013 40.
1083 2978 1139 3005 Cic.
1154 2976 1268 3012 Philipp.
1285 2985 1304 3009 i,
1323 2985 1341 3009 9

283 3025 363 3052 Tum
377 3032 442 3051 vero
456 3026 526 3048 tanta
546 3021 602 3046 suin
620 3018 763 3052 cupiditate
776 3016 893 3042 incensus
912 3014 944 3041 ad
963 3013 1095 3047 reditum,
1135 3018 1165 3040 vt
1182 3013 1252 3041 mihi
1273 3011 1342 3039 nulli

284 3069 371 3095 neque
386 3059 470 3091 remi,
490 3065 576 3091 neque
589 3054 662 3081 venti
675 3052 865 3092 satisfacereitt3
902 3060 956 3077 non
971 3058 1026 3084 quo
1038 3059 1080 3090 me
1093 3049 1239 3090 adttempus
1251 3057 1343 3076 occur.

284 3099 375 3125 surum
390 3101 508 3131 putarem
518 3113 525 3125 ,
548 3091 590 3118 sed
604 3099 636 3117 ne
649 3089 749 3115 tardius
763 3096 841 3121 quam
854 3095 987 3121 cuperem,
1007 3085 1177 3120 Reipublicae
1187 3085 1342 3120 gratularer.

283 3133 344 3162 Sen.
359 3131 437 3166 Epist.
451 3139 473 3162 13
494 3127 568 3162 Qud
582 3128 656 3154 iuuat
671 3122 760 3150 dolori
772 3123 819 3148 suo
831 3122 989 3148 occurrere?
1015 3122 1080 3148 Satis
1094 3121 1148 3148 cito
1164 3121 1269 3149 dolebis
1281 3128 1381 3161 cumgo

285 3167 407 3201 venerit,
445 3166 463 3191 i.
483 3171 600 3199 occupare
613 3163 734 3191 dolorem,
765 3158 834 3193 prius
847 3159 928 3183 dolere
941 3167 1014 3192 quam
1027 3165 1083 3193 opus
1096 3157 1136 3193 est.
1243 3157 1341 3184 Occur-

285 3213 360 3237 rere,
380 3212 434 3229 cum
448 3199 573 3228 currendi
586 3198 692 3224 notione.
734 3193 816 3221 Plani.
831 3193 909 3219 Cure.
925 3201 951 3227 2,
965 3203 987 3227 2,
1000 3198 1028 3223 28
1051 3193 1139 3220 Video
1150 3193 1289 3229 parasitum
1302 3199 1342 3220 tu-

284 3249 330 3267 um
345 3242 538 3266 occurrentem.
579 3235 635 3261 Vid.
648 3233 686 3259 Sc.
701 3241 721 3264 3,
735 3239 753 3257 i.
791 3230 841 3255 Sed
853 3228 919 3254 nihil
933 3230 968 3253 ad
979 3228 1073 3264 cursim
1086 3228 1162 3263 illust,
1217 3229 1343 3257 Occurrit

286 3285 318 3303 ex
331 3275 441 3302 aduerso
457 3270 583 3299 instruc‘ta
594 3269 679 3302 acies,
705 3267 724 3294 i.
742 3263 858 3299 Prot-effi.»
877 3263 938 3290 Liu.
954 3271 991 3295 32,
1005 3272 1039 3293 ²5·
1132 3265 1237 3292 Obuius
1251 3265 1343 3292 aduer-

286 3313 366 3344 soque
381 3309 500 3337 occurrit
520 3307 597 3342 Virg.
612 3305 674 3331 Aen.
689 3310 728 3336 ιο,
740 3310 794 3343 734.
921 3335 926 3340 .
953 3335 957 3339 .

287 3356 311 3379 2,
326 3349 376 3377 ¹36·
403 3347 472 3372 Add.
487 3342 593 3370 Colum.
606 3350 629 3376 2,
639 3349 662 3366 2.
752 3339 798 3365 Sin
812 3336 907 3364 doc‘hls
919 3335 972 3362 illis
986 3342 1106 3362 occurret
1118 3336 1208 3363 Labor
1234 3336 1344 3363 Phaedr.

290 3381 360 3416 Epil.
373 3390 396 3414 2,
410 3389 432 3413 ις
444 3379 574 3420 .ι“ᾱ”ψ.ἱη
587 3377 639 3404 illos
649 3375 742 3401 iudices
755 3373 809 3400 inci
957 3371 1063 3406 leian.
1078 3371 1105 3397 in
1119 3371 1136 3398 l.
1150 3380 1166 3398 2
1186 3370 1209 3404 6.
1226 3381 1238 3398 2
1258 3372 1291 3399 D.
1317 3373 1344 3399 Si

809 3375 886 3399 derit.

289 3417 347 3450 quis
361 3421 427 3442 caut.
442 3425 471 3441 in
484 3424 511 3441 iu
533 3424 564 3440 ic.
578 3411 698 3444 sistendi,
715 3417 760 3437 etc.
815 3407 903 3435 Simili
923 3406 1005 3433 inodo
1023 3412 1049 3433 et
1068 3406 1086 3433 si
1106 3407 1138 3433 ad
1159 3404 1342 3436 testimonium

699 458 709 475 s
723 452 874 482 occupatus,
892 445 973 471 vinus
984 450 1014 469 m
1026 441 1150 469 cubiculo
1163 446 1290 467 crematus
1304 438 1340 465 est
1362 445 1376 471 5

841 622 970 658 occupati
982 622 1067 650 animi
1079 619 1216 648 beneficiis
1228 618 1340 646 alicuius
1357 622 1385 640 ¹0

553 989 628 1017 Idem
642 996 690 1023 pro
702 987 823 1014 Muraen.
834 988 863 1014 85
885 982 910 1008 Is
922 989 978 1007 non
991 980 1019 1006 in
1033 977 1240 1006 administrando
1253 977 1378 1014 be110,20

886 1697 1034 1731 Occupatio
1047 1697 1087 1724 rei
1099 1696 1225 1723 militaris
1262 1695 1338 1724 Idem
1346 1696 1383 1721 40

503 1879 666 1916 Impediebat
680 1884 705 1904 te
720 1876 766 1903 ista
779 1874 969 1901 conuiuiorum
986 1873 1185 1907 mulierumque
1197 1873 1338 1909 occupatio
1350 1875 1385 1903 42*
1395 1870 1454 1904 p7'1'e
1467 1870 1527 1897 Liu.
1541 1878 1565 1904 ς,
1577 1879 1604 1902 35
1624 1870 1710 1904 Aegre
1721 1869 1753 1897 ad
1767 1870 1938 1898 vndecimum
1952 1871 2069 1907 lapidem
2083 1872 2223 1899 occursum
2234 1872 2279 1898 est,

997 2226 1055 2253 Cic.
1067 2225 1100 2253 de
1115 2221 1192 2253 Orat‘.
1205 2233 1227 2258 3,
1241 2234 1285 2258 203
1306 2226 1337 2252 Et
1352 2233 1381 2261 5⁵

1185 2765 1234 2791 Sic.
1256 2765 1380 2798 Burm.70
1402 2759 1450 2786 illa
1464 2759 1611 2786 occursatio
1626 2764 1652 2785 et
1667 2758 1793 2785 blanditia
1807 2759 1953 2795 popularIS.

573 2949 630 2975 Cic.
642 2946 673 2974 ad
688 2946 761 2972 Brut.
776 2946 793 2970 6
817 2943 909 2977 Scripsi
923 2942 956 2968 ad
968 2951 1040 2976 cum,
1060 2947 1088 2969 vt
1102 2941 1171 2968 mihi
1186 2941 1342 2968 Heracleam
1354 2953 1383 2978 75

1796 201 1832 244 0
1906 200 1942 244 C
2023 202 2059 244 E
2378 181 2483 254 548ι

1400 294 1473 322 Orat.
1488 305 1509 328 3,
1521 301 1563 333 189
1583 297 1679 331 Neque
1693 302 1742 322 vos
1754 303 1839 330 paeon
1852 299 1897 322 aut
1911 294 2009 322 herous
2022 294 2069 321 ille
2083 293 2234 326 conturbet,
2253 292 2303 328 ipsi
2316 299 2458 321 occurrent

1401 332 1534 366 orationi,
1572 333 1637 368 ipsi,
1672 332 1780 367 inquam
1790 352 1798 364 ,
1838 331 1863 357 se
1873 330 2004 364 offerent,
2042 336 2069 357 et
2083 330 2279 366 respondebunt
2290 330 2346 356 ison
2358 329 2455 357 vocati.

1400 367 1456 393 Cic.
1469 367 1540 395 Fam.
1556 376 1589 403 ii,
1606 377 1626 395 ii
1654 367 1861 395 Maleuolentiae
1874 365 2017 392 hominum
2030 367 2127 399 inme,
2154 367 2171 393 si
2185 365 2296 402 poteriS,
2323 373 2459 399 occurres,
2484 364 2487 371 ’

1399 402 1419 428 ι’.
1439 402 1538 438 ohstfles.
1608 404 1676 431 Pers.
1690 413 1711 436 3,
1724 406 1755 436 ⁶4
1776 402 1904 429 Venienti
1918 401 2050 429 occurrite
2062 402 2169 430 morbo.
2248 400 2374 433 Consiliis
2388 400 2459 427 Cati-

1400 437 1471 464 linae
1484 439 1590 465 occurri
1601 445 1627 466 et
1639 439 1731 466 obstiti
1765 439 1821 467 Cic.
1835 439 1864 465 in
1878 438 1957 465 Catil.
1972 446 1994 471 3,
2008 446 2035 471 ¹7
2047 447 2069 466 c.
2078 445 2105 473 7.
2196 438 2248 465 Res
2260 445 2324 464 vera
2339 435 2458 463 occurrit

1399 473 1477 499 falsae
1491 473 1590 500 rationi
1620 475 1724 503 Lucret.
1742 485 1764 509 3,
1783 483 1834 508 523.
1924 473 2042 500 Satietati
2054 473 2179 507 aurium,
2201 474 2356 500 animorum
2378 480 2410 498 ne
2423 471 2460 500 est

1400 508 1593 535 occurrendum
1616 510 1672 537 Cic.
1686 512 1765 538 Verr.
1779 522 1802 545 4,
1815 517 1867 544 ιος.
1940 510 2063 537 Varietas
2077 509 2189 536 satietati
2201 509 2320 537 occurrit
2340 510 2352 536 1
2371 516 2415 535 em
2427 507 2458 534 in

1400 546 1474 571 Orat.
1489 554 1536 576 174.
1624 545 1738 580 Vtrique
1750 547 1799 574 Rei
1815 555 1954 574 occurram
1984 545 2054 581 Nep.
2069 547 2105 578 16,
2118 553 2138 577 1,
2151 554 2171 572 ι.
2262 545 2344 580 Saepe
2356 544 2459 578 imprn-
2498 576 2501 580 s

1400 580 1474 607 denti
1494 580 1603 607 fortuna
1621 582 1737 608 occurrit
1750 583 1871 617 amanti,
1912 583 1938 610 h.
1949 591 1971 609 e.
1997 580 2157 617 Aduersatur
2195 581 2315 616 Propert.
2335 589 2356 614 ι,
2374 588 2417 613 zo,
2435 587 2458 612 3.

1399 616 1524 643 Occurrit
1539 615 1713 650 pernionibus
1724 616 1806 645 herba
1821 619 1900 655 bacci,
1916 625 1964 654 pro
1979 618 2058 643 Sanat
2067 617 2215 653 perniones,
2233 617 2278 643 vel
2285 616 2408 652 prohibet,
2428 624 2458 642 Μ
2488 636 2492 646 i

1400 652 1508 678 veniant
1528 652 1596 679 Plin.
1611 653 1651 684 26,
1665 658 1692 686 7.
1771 654 1927 690 Cuicunque
1941 653 2074 690 sanguinis
2087 652 2157 679 vitio
2170 652 2257 685 intus,
2275 652 2392 679 occurrit
2405 651 2460 678 suc-

1398 697 1444 714 cus
1458 687 1639 723 quinquefolii
1656 686 1725 714 Ibid·
1738 697 1760 715 c.
1773 694 1797 718 8.
1831 692 1901 718 Add.
1913 690 1988 719 Idem
2002 698 2048 722 20,
2061 695 2074 719 8
2092 696 2117 714 et
2129 692 2152 721 8,
2164 696 2203 721 27.
2275 689 2316 714 Sic
2329 688 2460 715 Occurre-

1398 733 1445 758 re,
1471 730 1518 759 pro
1535 724 1607 750 Vltro
1623 722 1713 758 offerri
1725 730 1750 748 et
1767 725 1873 753 euenire.
1945 726 2003 753 Cic.
2017 734 2066 761 pro
2081 724 2171 751 Deiot³
2184 733 2220 759 40
2234 733 2256 750 c.
2269 732 2299 757 14
2319 725 2347 749 de
2361 722 2461 758 miseri-

1400 761 1486 786 cordia
1500 760 1615 795 loquens,
1635 758 1706 786 Solet
1719 758 1880 794 supplicibus
1891 761 1960 796 ipsa,
1986 768 2012 788 et
2025 760 2197 793 calamitosis,
2222 759 2322 786 nullius
2335 759 2461 786 oratione

1398 802 1522 829 euocata,
1541 804 1691 822 occurrere.

1398 840 1453 858 non
1467 832 1647 858 occurrimus:
1685 830 1773 858 facere
1786 831 1861 856 addit
1874 832 2000 860 Mediceus
2012 834 2093 869 liber,
2118 833 2184 866 quod
2195 833 2245 858 alii
2258 831 2404 867 intelligunt
2415 839 2462 859 oc-

1396 867 1531 893 currimus
1542 867 1647 901 facere,
1672 868 1809 900 ἰφθάσαμιν
1826 868 1904 893 ποιεῖν.
2119 866 2141 907 ff
2163 877 2175 901 3
2213 868 2362 894 Occurrere
2381 868 2477 902 [ἑκ-ἐμ,
2492 869 2497 875 ’

1396 903 1501 937 χεᾷαι]
1528 912 1567 928 res
1581 904 1669 938 aliqua
1680 903 1790 935 dicitur,
1817 911 1879 937 quae
1892 903 1921 929 in
1938 910 2041 930 mentem
2051 905 2130 932 venit.
2207 903 2266 932 cic.
2280 903 2312 930 de
2326 902 2428 930 Senet‘lh
2443 909 2463 928 Φ

1398 937 1449 965 Sed
1467 938 1537 965 inihi
1556 947 1640 973 quum
1655 938 1687 965 de
1705 938 1840 966 senectute
1854 937 1957 973 aliquid
1969 939 2067 966 vellem
2085 941 2214 974 scribere,
2254 945 2284 966 tu
2303 938 2462 967 occurrebas

1397 974 1492 1009 dignus
1513 983 1546 1001 eo
1567 984 1684 1001 munere.
1793 974 1920 1001 Occurrit
1940 974 2048 1009 vtrique
2067 976 2181 1004 vestrum
2220 975 2294 1003 Idem
2313 983 2363 1009 pro
2382 975 2464 1001 Caee.
2490 994 2503 1008 ,1

1398 1019 1420 1036 c.
1435 1015 1457 1041 8.
1539 1010 1613 1038 Idem
1625 1019 1674 1045 pro
1687 1011 1786 1037 Milon.
1800 1018 1828 1043 23
1849 1009 2014 1037 Occurrebat
2023 1031 2031 1044 ,
2053 1019 2173 1038 mancam
2185 1021 2214 1040 ac
2228 1011 2344 1039 debilem
2356 1011 2464 1039 Praem-

1397 1055 1454 1073 ram
1471 1047 1543 1073 suam
1556 1046 1673 1074 futuram
1687 1046 1803 1074 Consule
1817 1046 1930 1074 Milone.
2003 1046 2079 1074 Idem
2092 1047 2124 1074 de
2137 1048 2212 1075 Orat.
2224 1057 2247 1082 2,
2263 1057 2304 1081 ¹47
2324 1057 2346 1074 c.
2358 1055 2387 1080 34
2404 1044 2465 1074 Vbi

1397 1082 1471 1109 enim
1484 1082 1573 1109 locum
1584 1092 1692 1110 omnem
1707 1082 1870 1117 cogitatione
1882 1083 2007 1118 sepseris,
2038 1082 2057 1110 fi
2078 1082 2160 1110 modo
2170 1084 2245 1110 vsum
2258 1092 2349 1110 rerum
2363 1081 2465 1118 percalss

1397 1118 1497 1151 lucris,
1531 1118 1602 1146 nihil
1615 1124 1641 1145 te
1655 1119 1765 1154 effugiet
1774 1139 1782 1151 ,
1802 1121 1980 1153 atquefflomne
1992 1119 2067 1153 quod
2077 1119 2131 1146 erit
2145 1119 2174 1145 in
2186 1127 2225 1151 re,
2248 1125 2370 1145 occurret
2381 1124 2464 1153 atque
2492 1129 2498 1132 ”

1397 1153 1506 1181 incidet.
1599 1155 1655 1182 Cic.
1669 1154 1702 1180 de
1718 1154 1807 1181 Finib.
1821 1163 1846 1187 4,
1859 1161 1896 1189 47
1910 1164 1931 1181 c.
1946 1162 1972 1189 17
1993 1156 2053 1182 Hoc
2066 1156 2150 1190 igitur
2165 1155 2291 1190 quaeritis
2304 1163 2414 1188 omnes,
2434 1157 2464 1180 et
2501 1181 2506 1189 1

1399 1189 1440 1223 hi,
1462 1189 1509 1224 qui
1523 1190 1702 1226 quodcunque
1713 1191 1742 1218 in
1756 1196 1872 1217 mentem
1886 1190 1991 1224 veniat,
2011 1197 2056 1218 aut
2074 1191 2252 1226 quodcunque
2264 1195 2401 1223 occurrat,
2436 1189 2466 1216 se

1397 1226 1471 1261 sequi
1484 1225 1587 1260 dicent,
1607 1234 1652 1254 etc.
1743 1227 1796 1253 His
1815 1233 1959 1253 occurrunt
1976 1227 2135 1263 plerumque
2148 1226 2278 1261 Imagines
2290 1231 2465 1253 mortuorum

1397 1262 1472 1290 Idem
1484 1261 1517 1288 de
1530 1262 1593 1290 Diu.
1606 1273 1628 1290 c.
1645 1273 1684 1295 30.
1765 1261 1841 1289 Idem
1855 1262 1887 1289 de
1902 1263 1978 1291 Orat.
1995 1273 2012 1297 i,
2026 1272 2060 1297 15¹
2075 1273 2097 1290 c.
2110 1272 2135 1295 33
2156 1263 2256 1290 Omnes
2271 1262 2343 1289 enirn
2357 1262 2409 1289 siue
2422 1270 2465 1288 ar.
2486 1283 2491 1285 .

1398 1298 1431 1325 tis
1444 1298 1504 1325 sunt
1517 1298 1587 1331 loci,
1608 1299 1660 1325 siue
1674 1297 1777 1333 ingenii
1791 1298 1927 1325 cuiusdam
1938 1306 2018 1334 atque
2031 1299 2198 1335 prudentiae,
2215 1298 2262 1332 qui
2275 1297 2359 1325 modo
2373 1298 2465 1325 insunt

1398 1334 1428 1360 in
1441 1341 1471 1360 ea
1485 1342 1532 1368 re,
1551 1334 1584 1361 de
1598 1343 1650 1369 qua
1663 1335 1817 1368 scribimus,
1841 1334 2042 1370 inquirentibus
2056 1335 2153 1366 nobis,
2175 1334 2304 1369 omnique
2318 1334 2374 1360 acie
2388 1335 2466 1368 inge·
2491 1361 2493 1365 ,

1398 1369 1439 1396 1111
1452 1369 1691 1404 contemplantibus
1705 1370 1845 1397 ostendunt
1858 1371 1883 1397 se
1893 1377 1920 1397 et
1933 1378 2087 1398 occurrunt.
2198 1371 2239 1397 De
2258 1370 2350 1397 nostro
2364 1369 2466 1397 itinere

1398 1406 1427 1432 in
1443 1411 1583 1440 vtrainque
1597 1412 1698 1441 partem
1712 1406 1843 1440 permulta
1854 1406 1923 1433 mihi
1937 1413 2083 1435 occurrunt
2102 1407 2176 1435 Idem
2190 1408 2242 1434 Att.
2257 1415 2289 1440 ις,
2303 1415 2340 1439 23.
2411 1407 2466 1433 Oc-

1399 1441 1483 1468 currit
1500 1442 1608 1475 animo‚
1629 1442 1671 1468 Vel
1685 1441 1798 1473 animis,
1834 1442 1859 1467 h.
1875 1451 1895 1470 e,
1916 1444 2063 1479 Succurrit,
2081 1451 2106 1470 et
2119 1444 2147 1469 in
2159 1450 2262 1469 mentem
2273 1445 2355 1469 venit.
2389 1441 2465 1469 Idem
2488 1469 2490 1471 ,

1399 1477 1478 1504 Acad.
1486 1487 1510 1510 4,
1524 1487 1555 1508 ις.
1608 1477 1635 1504 Si
1650 1477 1688 1512 id,
1701 1476 1775 1513 quod
1786 1476 1871 1503 officii
1883 1478 1924 1504 sui
1937 1478 1985 1512 fit,
2003 1488 2058 1506 non
2073 1479 2190 1506 occurrit
2204 1479 2313 1513 animo,
2333 1478 2403 1505 nihil
2417 1487 2467 1505 vu·
2482 1497 2486 1503 »

1400 1521 1480 1547 quam
1494 1513 1608 1540 omnino
1621 1520 1679 1548 aget
1701 1513 1761 1540 Liu.
1775 1522 1810 1547 23,
1825 1519 1865 1546 48.
1974 1515 2126 1542 Occurrunt
2139 1515 2231 1541 animo
2246 1514 2376 1550 pereundi
2389 1513 2467 1541 mille

1400 1548 1501 1583 figurae
1521 1549 1604 1576 Ouid.
1619 1549 1698 1584 Epist.
1713 1558 1752 1580 io,
1765 1555 1799 1579 81.
1878 1549 1941 1577 Visa
1954 1550 2053 1585 quietis
2065 1551 2148 1578 menti
2163 1556 2307 1577 occurrunt
2321 1549 2467 1585 tranquilla

1399 1589 1479 1619 atque
1493 1585 1596 1611 veracia
1613 1585 1669 1612 Cic.
1684 1584 1715 1611 de
1732 1585 1853 1619 Diuin.i,
1861 1587 1887 1613 61
1901 1595 1922 1613 c.
1932 1595 1972 1620 ²9·

1400 1620 1461 1654 des,
1480 1626 1521 1647 tot
1533 1622 1613 1648 etiam
1627 1621 1713 1657 campi
1733 1621 1867 1650 Coluinel.
1881 1631 1904 1655 2,
1916 1631 1938 1649 2.

1400 1657 1467 1683 Aen.
1481 1666 1504 1692 ς,
1516 1666 1542 1690 9.
1765 1654 1787 1694 q
1807 1666 1826 1691 4
1862 1657 2005 1692 obseruate.
2027 1659 2191 1689 Occecurri,
2210 1658 2377 1685 Praeteritum
2397 1658 2466 1684 anti.
2490 1662 2492 1666 ’

1401 1702 1491 1727 quum,
1509 1700 1554 1727 pro
1568 1693 1682 1720 Occurri.
1736 1693 1834 1721 Helius
1847 1694 1965 1721 Tubero
1983 1695 2053 1730 apud
2067 1695 2202 1728 Probum,
2221 1694 2248 1721 Si
2260 1694 2391 1729 generalis
2409 1694 2482 1729 spem

1399 1729 1452 1754 cies
1465 1728 1622 1755 occecurrit.
1662 1729 1718 1756 Vid.
1733 1730 1803 1757 Geli.
1817 1738 1844 1764 7,
1858 1739 1882 1763 9.
1992 1731 2166 1764 Occurritur,
2196 1729 2295 1766 imperf.
2321 1730 2466 1767 [e‘vtsaras]

1401 1763 1552 1797 Obststitur‚
1571 1762 1707 1797 refistitur,
1726 1772 1890 1799 repugnatur.
1928 1767 1985 1793 Cic.
2000 1768 2055 1794 Off.
2069 1776 2096 1800 2,
2108 1777 2121 1799 7
2135 1777 2156 1793 c.
2168 1776 2182 1794 2
2203 1766 2363 1793 Occurritur
2376 1771 2467 1793 autem

1399 1797 1496 1832 nobis,
1520 1805 1546 1825 et
1559 1798 1668 1833 quidem
1680 1807 1694 1824 a
1707 1799 1794 1825 doctis
1808 1806 1834 1825 et
1849 1800 1976 1828 eruditis7
2002 1802 2190 1834 quaerentibus
2205 1803 2298 1828 satisne
2317 1802 2467 1829 constanter·

1398 1833 1486 1860 facere
1504 1834 1657 1866 videamur,
1679 1834 1726 1868 qui
1740 1843 1824 1868 quum
1839 1835 1941 1870 percipi
1953 1836 2021 1862 nihil
2035 1838 2105 1871 poss'e
2119 1836 2253 1868 dicamus,
2272 1843 2319 1864 etc.
2363 1839 2396 1864 Et
2406 1844 2467 1872 pro-
2491 1832 2495 1835 ¹

2352 1874 2425 1901 caes.
2433 1873 2466 1901 Β.

2047 1623 2146 1650 Tellus
2162 1623 2233 1649 nulla
2245 1622 2364 1649 occurrit
2387 1621 2467 1657 Virg.

1399 1905 1432 1932 G.
1446 1914 1470 1939 7,
1489 1926 1495 1933 .
1515 1928 1520 1934 .
1540 1907 1562 1932 A
1577 1904 1674 1932 nostris
1686 1906 1886 1934 occurrebatur.

1437 1946 1459 1968 ο
1469 1947 1486 1968 C
1494 1947 1512 1968 c
1520 1948 1541 1968 v
1550 1949 1569 1969 R
1580 1947 1599 1968 R
1608 1948 1624 1968 Ε
1634 1948 1656 1968 Ν
1668 1947 1682 1968 8
1693 1962 1702 1975 ,
1721 1942 1800 1970 entis.
1836 1942 1931 1969 Partic.
1968 1944 2116 1978 [ἀπαντῶν]
2154 1943 2247 1977 Imago
2258 1943 2358 1977 saepius
2372 1951 2465 1971 occur-

1399 1985 1460 2004 rens
1480 1979 1505 2004 V
1508 1978 1558 2013 irg.
1573 1978 1638 2004 Aen.
1653 1979 1679 2011 6,
1693 1979 1751 2012 695.
1824 1979 1881 2005 Nec
1894 1979 2030 2006 silentium
2042 1979 2130 2007 noctis
2143 1979 2196 2006 iam
2209 1978 2313 2005 mediae
2325 1979 2475 2014 promitte-'¹

1398 2012 1443 2039 bat
1456 2012 1657 2039 occurrentium
1670 2014 1762 2040 lumen
1780 2014 1887 2041 Petron.
1901 2024 1922 2040 e.
1935 2023 1976 2048 79.

1437 2051 1457 2070 o
1470 2052 1487 2071 C
1498 2051 1517 2071 c
1526 2052 1548 2069 v
1556 2053 1576 2070 R
1585 2052 1598 2071 s
1608 2052 1630 2071 v
1641 2053 1653 2070 S
1661 2065 1670 2077 ,
1699 2045 1738 2084 sia.
1773 2057 1811 2073 m.
1847 2050 2014 2083 [ἀπάντησις]
2051 2050 2106 2086 Ipse
2117 2050 2262 2078 occurrendi
2274 2050 2349 2078 atquc.
2391 2046 2454 2078 Ph'm'
2471 2077 2474 2080 ,

1399 2087 1432 2112 ιι,
1445 2087 1471 2110 37
1508 2079 1606 2104 Dentes
1619 2080 1713 2105 serrati
1732 2081 1888 2113 pectinatim
1899 2085 2025 2110 coeuntes
2034 2105 2044 2116 ‚
2078 2095 2112 2112 ne
2127 2086 2264 2113 contrario
2278 2086 2385 2114 occursu
2395 2091 2456 2113 aste-⁸

1397 2119 1501 2141 rantur.
1574 2114 1616 2140 Sic·
1627 2123 1652 2149 7,
1666 2122 1701 2148 49
1723 2115 1853 2142 Occursus
1868 2116 2052 2145 maleficorum
2064 2120 2186 2147 fiderum.
2258 2120 2333 2154 Vrfi,
2354 2122 2460 2154 leaeque

1399 2150 1514 2190 occursu.
1522 2149 1610 2177 fecere
1626 2156 1729 2178 metum
1749 2151 1832 2178 Ouid.
1841 2152 1908 2179 Met.
1915 2162 1951 2185 14,
1963 2155 2022 2180 260.
2092 2155 2161 2183 Rota
2169 2156 2258 2184 fracta
2269 2157 2379 2184 occursu
2390 2155 2461 2191 stipi·
2483 2176 2487 2178 .

1398 2191 1446 2255 ιιῗς
1460 2185 1543 2254 Ο(111ῗ.
1557 2187 1622 2254 Μξι.
1640 2194 1674 2220 15,
1690 2195 1738 2219 523.
1832 2189 1906 2216 Plur.
1932 2188 2031 2216 Obuiis
2050 2191 2201 2219 occurfibus
2220 2192 2348 2228 impediri
2377 2192 2460 2221 Soliiu

1398 2229 1420 2248 t.
1447 2231 1460 2255 7
1498 2232 1514 2247 a
1527 2241 1533 2248 .
1548 2230 1582 2255 43·
1604 2242 1611 2249 .
2350 2242 2353 2245 .

1428 2263 1458 2298 ,ο
1469 2263 1487 2284 c
1498 2263 1517 2285 c
1528 2265 1550 2284 V
1559 2265 1579 2284 R
1591 2264 1604 2285 s
1618 2263 1639 2286 ο
1649 2278 1658 2292 ,
1679 2262 1731 2287 are.
1752 2260 1923 2296 Frequentat.
1949 2261 2129 2297 [ἃπαντοῗμαι]
2164 2265 2294 2290 Currendo
2308 2264 2404 2291 obuiam
2415 2263 2464 2292 ἕνα.

1399 2293 1474 2328 Virg.
1487 2293 1541 2322 Ecl.
1554 2303 1578 2328 2,
1589 2303 1617 2325 25
1641 2295 1671 2322 Et
1685 2295 1756 2323 inter
1769 2296 1900 2331 agendum
1945 2297 2091 2324 Occursare
2105 2306 2202 2333 capro,
2228 2307 2313 2325 cornu
2327 2300 2393 2326 ferit
2405 2299 2466 2333 ille,

1399 2335 1501 2357 caueto.
1598 2331 1744 2359 Occursare
1756 2332 1841 2368 portis
1873 2333 1934 2360 Liu.
1947 2340 1971 2366 2,
1985 2341 2025 2365 45.
2120 2334 2264 2361 Occursare
2279 2333 2411 2370 fignificat
2421 2335 2466 2360 in-

1399 2367 1497 2392 terdum
1516 2367 1739 2402 Prompiitudinem
1759 2370 1900 2395 memoriae.
2001 2369 2147 2396 Occursant
2167 2368 2265 2402 verba,
2292 2368 2337 2395 sed
2355 2370 2465 2404 qualia}

2057 2405 2220 2437 Occursare,
2245 2410 2290 2439 pro
2304 2405 2464 2438 Succurrere,

1399 2444 1424 2464 et
1435 2437 1523 2464 venire
1537 2438 1565 2464 in
1578 2439 1728 2467 memoriam.
1763 2440 1845 2467 Plaut.
1860 2440 1920 2468 Mil.
1934 2449 1960 2473 4,
1971 2449 1996 2474 2,
2009 2441 2040 2473 56
2059 2441 2131 2468 Nam
2144 2439 2180 2467 ita
2194 2448 2235 2466 me
2247 2440 2385 2468 occursant
2396 2439 2464 2468 mu!-

1401 2477 1459 2507 tae,
1479 2473 1549 2500 haud
1562 2474 1709 2502 meminiss‘e
1723 2484 1816 2504 omnes
1830 2476 1942 2511 possiim.
2024 2476 2152 2504 Occursat
2164 2475 2256 2503 animo
2268 2483 2329 2504 tneo
2341 2476 2463 2504 mortali-

1401 2514 1438 2536 tas
1463 2509 1530 2537 Plin.
1547 2510 1627 2545 Epist.
1647 2519 1670 2544 5,
1685 2521 1708 2543 5·
1821 2512 1967 2539 Occursare
1981 2512 2156 2545 numinibus,
2189 2512 2321 2546 adorare,
2350 2511 2460 2547 afim·-

1395 2545 1464 2581 ficii's
1472 2547 1585 2581 placare,
1604 2554 1628 2572 et
1637 2547 1788 2582 praeuenire
1801 2548 1912 2580 numina,
1926 2557 1957 2574 ne
1971 2547 2040 2574 nobie
2052 2555 2155 2574 noceant
2171 2546 2209 2574 Id.
2224 2545 2253 2572 in
2260 2547 2458 2583 Paneg.e.sipr.

1440 2587 1461 2610 o
1471 2586 1491 2608 c
1503 2587 1521 2609 c
1532 2589 1553 2607 v
1564 2589 1584 2608 R
1594 2588 1606 2608 s
1617 2589 1638 2610 A
1650 2588 1673 2609 N
1684 2589 1697 2609 s
1707 2604 1715 2617 ‚
1747 2583 1825 2612 antis.
1850 2584 1919 2610 Part.
1962 2583 2164 2617 [ἀπαντώμενος]
2199 2582 2306 2611 Lucret.
2319 2592 2342 2617 5,
2354 2591 2394 2617 7¹7
2425 2581 2460 2611 Et

1400 2626 1454 2645 vna
1489 2616 1604 2645 Labitur
1618 2618 1782 2647 omnimodis
1796 2620 1933 2647 occursans
1945 2616 2134 2653 officiensque,
2157 2625 2203 2645 erc.

1438 2660 1458 2681 Ο
1469 2659 1488 2681 C
1499 2661 1516 2681 C
1524 2660 1545 2680 V
1553 2661 1572 2681 R
1582 2661 1594 2680 S
1602 2660 1625 2681 A
1636 2660 1658 2682 Τ
1670 2662 1680 2681 1
1690 2661 1712 2682 0
1722 2675 1731 2688 ,
1766 2654 1836 2682 bnis.
1865 2654 1886 2682 f.
1927 2654 2163 2689 [ἁξχαιςεσιασμὸε]
2204 2654 2358 2682 Anibitl'onis
2372 2662 2464 2690 genus,

1398 2689 1543 2726 pensatio,
1562 2697 1585 2715 et
1599 2690 1716 2725 Diligens
1728 2691 1838 2725 captatlo
1851 2690 1982 2721 honorum,
2008 2690 2067 2716 dum
2086 2691 2243 2725 magnatibus
2261 2697 2306 2716 aue
2319 2690 2407 2725 populo
2424 2698 2464 2716 oc·

1401 2724 1523 2751 currimus
1535 2724 1607 2759 prius
1625 2733 1697 2758 quam
1710 2726 1866 2751 decernasur.
1957 2724 2016 2752 Cic.
2028 2733 2079 2759 pro
2093 2726 2178 2752 Plane.
2191 2734 2224 2758 29
2238 2734 2258 2752 c.
2271 2733 2295 2752 12
2317 2724 2413 2753 Facilis
2425 2723 2464 2752 est:

2024 2760 2099 2788 Idem
2112 2770 2162 2796 pro
2176 2762 2272 2788 Milon.
2286 2762 2319 2794 96
2333 2770 2354 2787 c.
2366 2770 2392 2794 35
2411 2762 2464 2788 Ve-

1402 2794 1465 2821 stras
1478 2803 1544 2820 vero
1553 2814 1562 2827 ,
1593 2800 1619 2821 et
1632 2794 1782 2821 vestrorum
1795 2795 1923 2822 ordinum
1937 2797 2150 2830 occursuiones,
2185 2797 2287 2830 studia,
2317 2798 2470 2828 ἴθι-11101123,ι
2489 2798 2492 2804 ’

1402 2837 1586 2864 quemcunque
1599 2830 1685 2857 casum
1701 2830 1812 2858 fortuna
1825 2831 1944 2866 dederit,
1964 2833 2052 2859 secum
2064 2833 2090 2861 se
2103 2833 2254 2860 ablaturum
2266 2833 2315 2860 effe
2329 2832 2404 2860 dicit.
2472 2856 2475 2861 .

1422 2901 1428 2906 ἱ
1438 2870 1485 2892 oc
1494 2871 1542 2893 cv
1552 2871 1571 2906 ιι
1581 2871 1660 2906 810,
1685 2866 1755 2894 onis.
1792 2867 1811 2894 f.
1848 2867 1939 2895 Sidon.
1954 2868 2032 2903 Epist.
2044 2878 2066 2903 7,
2081 2878 2109 2896 io
2142 2869 2226 2904 Culpa
2246 2877 2321 2896 rarae
2334 2868 2465 2897 occursio.
2484 2900 2487 2902 Ι

1401 2910 1452 2930 nis.
1523 2900 1634 2928 Videbis
1646 2901 1806 2930 no&urnam
1819 2903 1896 2930 lunae
1910 2904 2092 2932 successionem
2105 2913 2120 2932 a
2131 2905 2255 2932 fraternis
2262 2903 2470 2933 occursionibus·

1401 2937 1460 2964 lene
1472 2937 1659 2972 remissnmque
1672 2938 1764 2965 'lumen
1775 2945 1942 2967 mutuantem
1968 2941 2027 2967 Sen.
2041 2941 2120 2968 Cons.
2132 2940 2164 2968 ad
2176 2942 2259 2969 Marc.
2272 2950 2293 2967 c.
2307 2947 2341 2971 18.

1437 2980 1456 3001 ο
1467 2978 1484 3000 c
1496 2978 1513 2999 c
1522 2980 1543 2999 v
1553 2980 1572 3000 R
1581 2979 1594 2999 S
1603 2972 1616 3000 ἲ
1626 2980 1649 3001 Τ
1662 2980 1684 3002 o
1695 2995 1703 3007 ‚
1731 2979 1786 3001 are.
1823 2976 1965 3011 Frequent.
2001 2977 2084 3004 Solin.
2105 2986 2127 3004 c.
2144 2983 2171 3010 38
2187 2979 2218 3003 de
2238 2977 2392 3013 Elephantis.
2433 2975 2465 3004 Si
2482 3002 2485 3008 ,

1400 3009 1529 3036 confertis
1543 3010 1682 3045 pecoribus
1697 3010 1862 3039 occursitent.
2482 3043 2484 3047 ,

1435 3051 1482 3072 oc
1492 3051 1510 3072 c
1521 3052 1542 3071 v
1551 3052 1570 3072 R
1579 3052 1592 3071 s
1602 3047 1682 3073 ᾹΤο
1691 3053 1711 3074 R
1720 3067 1728 3081 2
1751 3048 1817 3076 oris.
1854 3057 1892 3075 in.
1929 3048 2027 3076 Auson.
2042 3047 2140 3081 Eidyll.
2157 3057 2183 3082 2,
2202 3057 2231 3080 25
2260 3048 2327 3076 Non
2344 3048 2467 3076 occurras

1400 3085 1458 3115 tor,
1485 3090 1540 3109 non
1555 3082 1693 3116 garrulus,
1717 3091 1763 3110 etc.
2486 3085 2491 3090 '
2510 3087 2511 3091 ’

1439 3124 1459 3145 o
1468 3122 1485 3143 C
1494 3123 1511 3144 C
1520 3125 1540 3144 v
1550 3125 1569 3144 R
1580 3125 1592 3144 s
1602 3119 1624 3145 Ᾱ
1632 3124 1655 3145 Τ
1666 3125 1685 3144 R
1694 3127 1703 3145 1
1714 3126 1731 3145 x
1740 3141 1748 3153 ,
1767 3118 1825 3147 icis.
1853 3119 1873 3146 f.
1910 3119 1999 3147 Festus
2011 3120 2039 3147 in
2058 3129 2115 3146 voce
2128 3118 2312 3155 Sphintyrnix.
2476 3143 2477 3148 ,

1400 3189 1422 3216 A
1439 3160 1483 3216 Olc
1492 3161 1509 3181 C
1519 3160 1540 3180 v
1552 3161 1571 3180 R
1582 3161 1594 3180 S
1604 3161 1627 3181 Α
1635 3160 1651 3181 C
1663 3153 1684 3181 x?
1693 3161 1710 3182 1.
1719 3162 1738 3182 v
1750 3161 1778 3183 M
1791 3176 1803 3191 ,
1834 3155 1854 3183 i.
1889 3164 1915 3181 n.
1952 3156 2088 3192 Qidquid
2103 3156 2229 3190 inopinato
2241 3154 2349 3182 occurrit
2383 3155 2467 3192 Apul-¹

1424 3198 1458 3225 po
1471 3210 1478 3216 .
1499 3200 1523 3225 p.
1541 3199 1589 3223 3¹5.

1437 3232 1458 3253 ο
1469 3232 1486 3254 c
1499 3232 1516 3253 c
1525 3233 1572 3253 VR
1582 3233 1622 3253 so
1633 3232 1652 3252 R
1665 3234 1675 3253 ι
1687 3235 1707 3254 ν
1716 3234 1729 3253 s
1739 3248 1746 3261 ,
1771 3237 1802 3261 a,
1831 3236 1886 3254 um.
1918 3226 1980 3254 Adi.
2017 3225 2094 3261 Apul.
2108 3234 2124 3260 9
2141 3235 2166 3262 p.
2181 3232 2230 3261 227
2249 3225 2327 3254 Potio
2340 3228 2464 3255 occurso.

1402 3261 1458 3292 ria,
1477 3271 1527 3296 qua
1539 3262 1664 3297 excipitur
1676 3263 1756 3299 hospes
1768 3265 1804 3291 ad
1813 3271 1911 3290 coenam
1923 3263 2059 3290 inuitatus.
2095 3263 2138 3289 Sic
2152 3264 2221 3289 Prie.
2233 3270 2257 3289 et
2269 3263 2380 3293 Elmenb.
2413 3264 2464 3292 Al.
2480 3288 2482 3292 ,

1801 3337 1829 3368 O
1912 3337 1940 3368 C
2020 3337 2049 3369 E

1442 3414 1462 3436 ο
1470 3413 1488 3434 C
1497 3413 1514 3434 Ε
1522 3404 1547 3434 K
1554 3414 1576 3434 N
1586 3413 1610 3435 v
1621 3414 1635 3437 s
1645 3429 1654 3443 ‚
1674 3409 1693 3436 i.
1720 3417 1756 3435 m.
1793 3407 1805 3441 [
1812 3405 1941 3442 Ὠκεανὸς]
1979 3407 2112 3444 Proprium
2124 3416 2208 3435 nomen
2220 3408 2323 3442 Tethyos
2339 3408 2460 3445 coniugis.
2475 3413 2479 3417 ”

867 3299 960 3327 Oculis
972 3299 1024 3325 tuis
1038 3308 1176 3327 occurram
1196 3301 1278 3328 Ouid.
1295 3302 1342 3336 Ep.
1362 3305 1391 3331 85
1403 3296 1539 3326 Antecurs.
1558 3298 1589 3324 it.
1603 3299 1708 3326 Aecurs.

289 3452 444 3479 desideratus
498 3450 530 3476 ad
551 3447 681 3476 iudicium
706 3453 847 3472 occurrere
872 3453 927 3471 non
953 3443 1079 3478 potuerit.
1121 3444 1140 3470 i.
1162 3443 1222 3480 Slstr'
1241 3444 1342 3472 iudicio.
1405 3445 1482 3477 Item,
1515 3443 1624 3478 lic‘loris,
1654 3451 1698 3471 aut
1711 3444 1819 3470 viatoris
1833 3444 1886 3469 noti
1898 3444 2037 3471 Martialis
2049 3453 2123 3477 aeuo,
2153 3445 2242 3479 dequo
2255 3443 2373 3472 Martial.
2385 3453 2409 3478 3,
2428 3449 2461 3479 95
2478 3443 2480 3448 '
2508 3475 2509 3478 Ἰ

288 3488 377 3514 Valer.
391 3473 460 3514 Max’.
474 3496 497 3518 4,
512 3496 525 3517 4
545 3487 574 3511 de
587 3483 707 3519 Qim‘iio
719 3483 883 3513 Cincinnato,
904 3480 1017 3506 Poenam
1030 3488 1137 3514 quoque
1150 3488 1200 3514 pro
1213 3479 1271 3506 filio
1279 3481 1343 3507 Cae·
1362 3490 1397 3516 90
1404 3479 1435 3506 Et
1449 3479 1542 3513 sedeo,
1571 3489 1621 3514 qua
1639 3487 1665 3508 te
1684 3479 1786 3507 suscitat
1798 3479 1926 3506 Oceanus.
1962 3482 2002 3506 De
2015 3479 2056 3506 illo
2075 3479 2157 3507 Ouid.
2170 3480 2236 3508 Met.
2247 3489 2269 3513 2,
2282 3488 2335 3511 510.
2408 3481 2460 3507 Ge.
2484 3505 2485 3508 ,

289 3525 368 3556 sone,
406 3521 477 3557 quod
490 3521 522 3549 ad
535 3521 635 3547 causam
651 3517 788 3545 dicendam
802 3524 857 3542 non
870 3514 1038 3545 occurrisset,
1069 3515 1148 3541 huius
1160 3516 1238 3550 agelli
1253 3515 1342 3542 reditu
1403 3515 1477 3543 nitor
1493 3515 1678 3550 Nympharum
1701 3515 1819 3542 Oceanus
1852 3515 1948 3542 Catull.
1972 3522 2011 3551 85,
2028 3517 2054 3543 6.
2201 3520 2205 3521 ⁷
2274 3513 2296 3553 fl
2314 3524 2327 3542 2
2364 3512 2477 3551 Nempe*
2503 3519 2506 3526 ’

288 3559 377 3585 soluit.
454 3558 525 3584 Cael.
539 3556 571 3583 ad
583 3556 637 3583 Cic.
652 3555 725 3582 Fam.
738 3558 761 3586 8,
777 3557 790 3583 8
810 3553 845 3578 At
857 3560 908 3585 ego
922 3550 995 3577 simul
1009 3556 1088 3585 atque
1100 3551 1194 3577 audiui
1203 3572 1211 3584 ,
1233 3552 1342 3578 inuoca-
1403 3554 1482 3577 maris
1494 3551 1536 3577 hoc
1546 3554 1664 3586 generale
1677 3559 1759 3577 nomen
1772 3549 1804 3585 est
1818 3550 1898 3583 illius,
1930 3552 1997 3585 quod
2014 3558 2088 3577 extra
2106 3551 2224 3578 Herculis
2242 3552 2366 3578 columna,-
2379 3551 2461 3578 orbem

289 3601 330 3622 tus
344 3594 375 3621 ad
395 3592 513 3619 subsellia
530 3592 571 3619 rei
587 3599 709 3618 occurro.
765 3588 807 3615 Si.-
826 3588 917 3613 Graeu.
932 3593 977 3621 pro
996 3595 1119 3613 accurro:
1155 3587 1200 3622 qui
1217 3587 1291 3613 etiam
1309 3588 1345 3613 ad

288 3631 358 3658 Suet.
368 3629 480 3663 Calig.c.
490 3632 517 3655 26
534 3628 622 3664 probat
629 3627 777 3653 Occurrere
788 3624 913 3650 interdum
923 3623 986 3647 idem
991 3621 1136 3657 ν[ζιζηίβειινε
1149 3632 1178 3648 ac
1185 3621 1282 3657 praesto
1290 3622 1343 3657 ff.

289 3666 330 3691 Sic
339 3666 408 3692 Suet.
416 3665 536 3697 Cal.c.39
556 3663 733 3698 Litigatoruin
747 3659 877 3695 plerique,
891 3657 962 3692 quod
970 3666 1110 3685 occurrere
1123 3658 1239 3685 absentes
1253 3657 1286 3684 ad
1300 3667 1344 3685 va·
1360 3672 1390 3698 95
1406 3666 1429 3691 2,
1445 3667 1491 3691 250
1516 3659 1547 3685 Et
1561 3660 1616 3686 ruit
1631 3660 1736 3686 Oceano
1756 3667 1818 3685 nox.

289 3700 441 3728 dimonium
454 3709 508 3726 non
522 3700 631 3734 possent,
643 3698 716 3724 causa
728 3696 858 3723 caderent.
891 3729 896 3734 ·
922 3694 1132 3728 Cunilnfinitiuo:
1153 3694 1257 3720 Lucret.
1264 3702 1284 3726 3,
1292 3699 1343 3726 908

289 3737 347 3764 Nec
362 3735 450 3762 dulces
467 3739 607 3762 occurrent
619 3733 705 3760 oscula
718 3731 773 3758 nati
809 3732 977 3765 Praeripere,
995 3737 1040 3755 etc.
1077 3730 1096 3756 i.
1114 3736 1215 3756 current
1225 3730 1262 3755 ad
1269 3736 1343 3764 prae-

288 3772 439 3808 ripiendum.
509 3770 588 3796 Telis
601 3777 742 3796 occurrere
765 3767 841 3801 Virg.
857 3768 920 3792 Aen.
937 3775 967 3798 ii,
983 3770 1041 3795 808·
1124 3766 1273 3793 Occurrere
1286 3765 1342 3800 sup-

289 3808 370 3844 petias
384 3805 548 3841 fugientibus
561 3805 612 3831 suis
640 3804 714 3831 Hirt.
728 3802 794 3830 Bell.
808 3802 892 3828 Afric.
906 3811 928 3829 c.
942 3803 982 3831 68.
1199 3798 1221 3839 fl
1240 3808 1253 3827 2
1291 3801 1342 3828 Oc.

289 3851 410 3876 currere,
448 3841 570 3875 [Φθάνιιν]
606 3847 651 3874 pro
670 3841 738 3865 Vltro
750 3845 903 3865 anteuertere
916 3845 940 3863 ct
950 3836 1096 3872 praeuenire
1109 3837 1205 3871 verbis,
1225 3836 1538 3875 confiliis‚10013ellnosus
1565 3838 1632 3864 Hor.
1646 3839 1734 3864 Carni.
1749 3849 1771 3871 4,
1789 3848 1823 3870 14,
1838 3843 1880 3871 48.

289 3881 353 3907 aHu.
425 3877 481 3903 Cic.
495 3884 544 3911 pro
559 3875 662 3902 Cluent.
677 3876 716 3908 63,
728 3883 749 3900 c.
763 3882 792 3906 23
816 3872 865 3900 Sed
883 3882 932 3907 ego
945 3881 1082 3899 occurram
1094 3871 1282 3907 exspe&ationi
1297 3881 1340 3899 ve-

289 3915 353 3942 strae
366 3913 476 3940 iudices.
513 3911 531 3937 ὶ.
549 3910 696 3945 Respondebo
717 3910 808 3936 tacitae
826 3909 960 3935 ohiet‘lioni.
1048 3908 1210 3935 Occurretur
1222 3907 1284 3934 sicut
1298 3916 1342 3934 oe.

288 3952 392 3978 cursum
406 3949 441 3977 est
473 3946 545 3975 Idem
559 3944 638 3972 Acad.
652 3954 681 3979 4,
694 3954 722 3977 44
734 3954 756 3973 c.
769 3954 802 3976 14.
911 3943 997 3970 Dictis
1009 3953 1151 3971 occurrere
1163 3943 1241 3971 alicui
1265 3943 1340 3978 Virg-

289 3988 354 4014 Acn.
370 3995 403 4019 12,
420 3986 476 4015 625.
584 3980 691 4007 Rationi
707 3981 758 4014 illi,
772 3988 850 4013 quam
864 3979 953 4013 paullo
965 3985 1024 4007 ante
1038 3979 1166 4014 conclusi,
1187 3979 1220 4008 sic
1233 3980 1339 4006 occurri

288 4021 343 4049 Cic.
358 4023 389 4049 de
402 4021 466 4049 Fato
478 4028 517 4053 4¹-
547 4017 617 4046 Adn'.
631 4017 711 4043 Burni.
735 4017 770 4044 ad
781 4015 913 4049 Quinctil.
930 4023 950 4048 ι,
969 4023 993 4050 ς,
1007 4018 1036 4048 36
1048 4025 1074 4052 p.
1091 4017 1127 4044 61.

1234 4014 1292 4043 Cic.
1307 4014 1393 4054 de105
1405 4025 1424 4050 1,
1435 4022 1473 4051 35,
1485 4023 1515 4047 3⁰
1536 4015 1610 4043 Mare
1622 4017 1792 4052 Erythraeam.

1404 3593 1530 3613 terraram
1541 3587 1698 3622 circumfluit:
1733 3593 1809 3620 atque
1820 3596 1835 3611 a
1851 3587 1962 3613 litoribus
1973 3588 2118 3622 plerumque
2133 3586 2223 3620 accipis
2241 3595 2342 3620 nomen,
2369 3594 2399 3613 vt
2412 3587 2460 3614 At-

1405 3622 1533 3655 lanticus,
1553 3623 1712 3654 Gaditanus,
1729 3621 1873 3655 Arabicus,
1889 3622 2002 3650 Persicus
2012 3643 2021 3656 ‚
2040 3622 2161 3655 Indicus,
2177 3628 2221 3648 etc.
2302 3623 2378 3658 Virg.
2393 3623 2460 3649 Aen.

1924 3658 1996 3686 Idein
2010 3659 2110 3692 Georg.
2123 3667 2141 3688 ¹,
2156 3658 2201 3687 246
2225 3658 2338 3692 Areios,
2356 3656 2458 3685 oceani

1406 3700 1552 3721 metuentes
1567 3696 1686 3730 Aequore
1700 3693 1795 3727 tingui.
1889 3693 1964 3721 Idem
1977 3694 2015 3721 ib.
2029 3698 2103 3727 4,*233
2124 3691 2190 3719 Plias
2204 3700 2229 3720 et
2238 3695 2339 3722 Oceani
2352 3695 2458 3729 Spretos

1404 3729 1470 3765 pede
1483 3730 1581 3764 repulit
1595 3732 1706 3764 Amnes,
1726 3730 1795 3756 veris
1806 3728 1938 3766 descriptio
1947 3750 1956 3763 ,
1974 3730 2005 3756 ab
2017 3737 2071 3756 ortu
2085 3729 2194 3755 Plimlis.

1404 3775 1427 3796 2,
1440 3774 1467 3797 23
1489 3766 1650 3800 Disiecitquc
1664 3774 1741 3791 naues
1754 3766 1782 3791 in
1795 3766 1893 3800 Aperta
1907 3766 2015 3792 Oceani.
2111 3763 2167 3790 Cic.
2183 3773 2231 3798 pro
2248 3765 2319 3799 Lege
2332 3765 2423 3792 Manil.
2433 3772 2458 3796 33
2477 3770 2480 3777 ·

1404 3801 1484 3827 Nunc
1503 3802 1600 3829 nullam
1614 3800 1685 3828 intra
1699 3801 1799 3828 Oceani
1820 3801 1940 3835 Ostium,
1963 3798 2126 3836 praedonum
2146 3808 2241 3827 nauem
2258 3802 2308 3827 esl‘e
2327 3799 2462 3828 audiatis}

1976 3836 2168 3869 Circumiiagus
2176 3856 2185 3869 ,
2209 3837 2265 3863 vid.
2284 3844 2301 3864 c
2311 3844 2321 3863 1
2331 3843 2349 3863 R
2358 3843 2375 3864 C
2385 3843 2405 3863 v
2416 3841 2458 3863 M-

1404 3879 1424 3898 V
1434 3879 1483 3899 AG
1495 3880 1514 3898 v
1526 3880 1548 3899 s.
1619 3873 1745 3906 Rcfusus,
1781 3874 1799 3900 ι’.
1822 3873 1917 3908 Refluus
1937 3872 2013 3906 Virg.
2025 3871 2089 3897 Aen.
2103 3879 2127 3905 7,
2142 3880 2191 3902 2²5·
2219 3872 2334 3899 Seruius,
2406 3873 2457 3898 Re.

1402 3917 1463 3935 rum
1479 3909 1598 3941 Princeps
1635 3909 1729 3937 Claud,
1748 3909 1827 3936 Cons,
1841 3909 1911 3935 Ηοῃ.
1928 3918 1951 3941 4,
1972 3916 2005 3939 23.
2045 3915 2075 3931 ex
2087 3907 2202 3933 doen-ina
2218 3909 2329 3934 Thaletis
2340 3911 2370 3934 de
2382 3916 2456 3942 aqua,

1402 3944 1522 3970 communi
1531 3952 1614 3968 rerum
1625 3945 1768 3980 principio,
1786 3946 1842 3972 vid.
1857 3944 1944 3970 Barth.
1957 3944 1992 3968 ad
2002 3942 2025 3968 b·
2041 3942 2060 3967 l·
2096 3943 2138 3968 Sir
2152 3943 2233 3970 Orbis
2247 3943 2395 3978 vinculum,
2407 3948 2456 3969 ter·

1404 3988 1495 4006 rarum
1507 3978 1622 4006 custodia
1656 3980 1767 4008 Rhetor.
1780 3980 1848 4015 apud
1863 3980 1922 4007 Seii.
1935 3978 2034 4004 Suasor.
2051 3988 2066 4002 1.
2163 3979 2254 4005 Ruber
2286 3981 2353 4006 I-lor.
2366 3980 2455 4006 Carm.

1901 4014 1971 4042 sales
1984 4013 2008 4040 se
2022 4013 2127 4050 tingunt
2140 4014 2248 4043 Oceano
2269 4015 2345 4051 Virg.
2359 4015 2454 4048 Georg-

2359 4059 2387 4084 2,
2405 4053 2453 4083 48¹·

1775 796 1832 821 Huc
1844 796 1919 822 etiam
1931 798 2041 832 pertinet
2061 795 2156 824 Pallad.
2174 797 2241 830 Aug.
2256 805 2269 829 7
2297 796 2374 829 Qiae
2386 794 2476 823 Iulio·
2516 783 2517 788 ¹

2046 1586 2228 1614 Occurrebant
2241 1586 2325 1613 oculis
2339 1591 2379 1613 tot
2392 1586 2468 1620 palu·

2286 3730 2377 3757 Tacit.
2387 3731 2470 3756 Ann.·
2514 3728 2517 3736 ¹
