2517 4231
69 156 140 203 853
455 149 488 192 P
581 149 618 192 Ε
707 149 734 191 S
1595 157 1627 200 P
1718 157 1755 199 E
1843 163 1888 204 Τ
2174 178 2250 223 854

72 241 110 271 Vi
123 241 236 277 toleret,
253 250 288 271 rie
309 241 408 278 peffiim
420 240 505 270 abeat.
577 243 702 271 Deiicere
716 243 814 279 pessum
835 242 954 279 aliquem
976 243 1011 272 de
1031 245 1129 281 opibus
1188 245 1220 273 de
1232 246 1303 282 Lege
1316 247 1408 282 Agrai.
1423 256 1450 280 a..
1464 249 1507 282 69.
1532 246 1540 251 s
1602 247 1701 289 Oratio
1733 248 1792 276 lena
1805 252 1903 278 veneni
1917 258 1944 280 et
1956 257 2122 289 pestilentiae
2146 262 2234 291 eamn

71 280 95 309 A
114 279 150 308 ul.
163 278 228 306 Met.
243 287 257 314 ς
268 288 295 315 p.
309 281 377 319 163..
433 278 527 305 Aetate
540 280 639 314 pessiim
651 279 710 308 adh
726 279 845 306 Laetant.
859 288 880 313 1,
890 283 975 325 ii,46.
1047 283 1129 311 Dedit
1190 282 1224 309 ad
1237 282 1358 309 Funduui
1373 293 1418 317 42,
1432 287 1508 319 (44)
1523 293 1559 312 12.
1632 286 1690 326 Cic.
1717 293 1736 327 ‚e
1750 286 1820 321 Lege
1833 287 1925 322 Agrar.
1941 298 1962 320 1,
1977 295 2006 318 16
2033 295 2182 330 Spolicuuu
2202 284 2247 328 05]
2264 304 2270 307 -

70 322 98 344 re
110 317 150 345 lus
162 316 260 352 pessum
278 322 414 344 cacumina
433 317 531 342 Lucan.
545 323 569 349 ς,
582 319 640 344 616.
737 315 870 343 Columel.
887 325 926 352 ιι,
938 319 956 344 6
968 324 1032 345 extr.
1055 319 1128 346 Nam
1192 318 1253 347 bem
1267 324 1399 347 terrarum
1409 340 1416 352 ‚
1438 320 1582 347 vendamus
1595 321 1756 356 vedhgaha,
1777 321 1944 350 effundamus
1958 330 2104 359 aerarium:
2130 340 2159 361 vt
2173 334 2246 363 locu-

68 352 119 381 vbi
131 352 235 381 dulcem
246 353 350 379 caseum
370 348 509 379 demiseris
530 350 558 379 in
571 360 645 386 eam,
662 351 681 379 si
696 352 793 385 pessum
806 350 876 384 ibit,
896 353 958 380 scies
977 355 1026 381 css'e
1044 355 1130 383 adhue
1192 354 1298 388 pletatis
1311 361 1355 381 aut
1376 356 1496 384 inuidiae
1515 363 1561 384 aut
1581 357 1746 393 pestilentiae
1766 358 1963 393 poffefforibus,
1982 364 2039 395 agri
2059 371 2145 395 tamen
2157 379 2247 399 eman-

67 388 177 417 tffldffln
190 399 197 415 Ξ
231 388 250 415 fi
263 387 413 421 inmtabit,
438 393 580 416 maturam»
622 387 696 424 CO’U‘·
711 387 768 413 5⁸¹¹·
780 387 868 422 QN·
884 397 906 421 32
921 399 960 421 25-
1037 391 1129 418 Sidere
1153 410 1166 432 5
1190 395 1244 416 tur.
1319 390 1395 418 Abiit
1421 393 1586 427 pestilentia,
1627 394 1730 422 Afferrc
1757 394 1936 430 pestilentiam
1948 415 1958 428 ,
2001 398 2101 429 Conna
2125 406 2247 436 pestilen-

67 425 169 453 Lucan.
184 433 208 458 3,
221 426 286 460 674.
354 423 459 452 Lucret.
474 427 500 458 6,
515 430 560 459 588
578 425 682 452 Multae
695 431 743 457 per
759 432 834 450 mare
847 426 943 460 pess'mu
982 427 1127 454 Subsedere
1191 426 1246 457 tia,
1263 425 1316 452 vid.
1332 427 1374 453 hh.
1388 436 1432 455 υυ.
1488 429 1588 456 Bestiae
1604 430 1744 465 repentina
1755 438 1898 467 correptae
1906 432 2058 466 pestilentia
2070 437 2148 471 Apul,
2158 441 2213 469 Met
2231 454 2246 476 ⁴

59 460 506 496 'fiiisparitereuinciuibusvrbes.
561 460 666 487 Lueret.
676 461 703 492 6,
712 463 763 491 588.
806 460 1124 498 Conf.Bo'eth.;Meti-.5.
1191 470 1216 496 p.
1234 469 1291 493 149.
1364 463 1459 490 Facere
1475 465 1652 499 pestilentiam
1674 467 1744 493 valet
1758 467 1832 503 quod
1852 468 1938 504 egerit
1950 469 1992 496 sus
2011 478 2090 504 aegra
2113 464 2248 506 Comme]-

64 497 165 526 Pessum
174 497 260 524 ituros
271 496 371 524 Italiae*
379 506 485 533 campos
511 496 600 524 Tacit.
611 497 682 523 Anu.
698 503 718 528 1,
734 503 780 530 79,
793 505 815 529 3.
864 498 913 524 Per
924 500 1127 531 translationem,
1191 500 1218 529 6,
1233 504 1253 530 ς.
1326 497 1425 526 Incidit
1438 501 1587 535 pestilentia
1600 503 1691 536 grauis
1707 503 1735 529 in
1746 503 1857 537 vrbem,
1877 503 1932 531 vid.
1952 504 2084 534 iNci'Do.
2129 509 2189 537 Liu.
2205 521 2236 548 ²7

67 533 152 565 Plaut.
167 532 232 560 Cist.
245 541 269 566 2,
284 541 302 564 i,
316 542 342 560 12
362 531 472 569 Frangit
490 538 621 560 amantem
633 531 754 558 animum
770 543 775 558 :
810 541 896 569 neque
906 554 913 566 ,
933 534 981 561 nisi
1002 535 1066 570 quia
1079 535 1130 562 mi-
1191 541 1231 564 23,
1245 534 1272 559 6.
1347 535 1445 562 Paterc-
1458 544 1482 568 2,
1495 546 1523 564 21
1539 544 1604 564 extr.
1625 538 1683 565 Post
1700 538 1766 572 hoe,
1784 548 1867 575 quum
1881 546 2028 577 vtrumque
2039 545 2189 572 exercitum
2203 534 2247 574 ve:

66 569 117 597 ser*
132 577 187 597 non
211 577 245 595 eo
266 570 382 604 pelium,
400 570 470 597 mihi
490 569 546 597 vlla
567 566 640 595 abest
662 567 717 594 iam
730 568 836 603 perdito
848 570 989 604 pernicies.
1009 574 1028 597 i.
1042 571 1126 598 Pereo.
1146 587 1174 605 ,Ο
1190 568 1230 595 lut
1252 578 1344 603 parum
1368 570 1440 598 bello
1457 572 1613 601 exhaustum
1627 575 1767 603 Laceraret
1785 576 1951 610 pestilentia,
1971 579 2020 606 Cn.
2040 579 2183 616 Pompeius
2204 583 2248 609 de.

71 604 130 635 Vid.
145 605 211 633 Plin.
227 613 258 638 ¹4
269 605 299 632 in
313 606 464 640 prooemio.
509 612 513 614 ’
1190 603 1266 631 ccssit.
1341 607 1463 635 Terrere
1482 609 1587 636 animos
1608 610 1755 644 pestilentia
1778 612 1833 640 Cic.
1847 613 1881 640 de
1897 613 1962 640 Nat.
1976 615 2058 642 Deor.
2077 624 2115 650 ¹4-
2186 619 2249 646 Alia

100 647 123 668 ,Ρ
137 649 175 669 Es
185 647 198 668 s
208 647 291 668 VMD
303 647 323 668 0
333 661 341 674 ‚
354 642 380 678 J:
400 648 415 668 p
426 647 444 669 g
455 645 579 667 SSVND
590 644 610 666 ο
650 639 728 673 dedi,
749 640 851 674 datum,
872 644 926 669 tire.
942 641 1126 678 [ms-anari...]
1190 648 1286 676 genera
1299 651 1427 677 pecorum
1442 653 1525 678 quum
1539 645 1686 678 pestilentia
1701 647 1837 676 Vexantui·
1851 649 1958 677 Colum.
1975 657 2003 686 7,
2037 671 2044 678 .

63 677 174 707 pedibus
185 678 296 710 calcare,
311 679 426 714 perdere,
479 675 550 702 Ter.
566 677 607 702 An
628 685 650 703 t.
665 685 685 708 1,
700 685 721 709 3,
736 685 749 709 3
776 677 853 710 Qae
866 676 884 703 fi
898 687 954 704 non
967 678 1023 706 astu
1034 679 1127 714 proui-
1228 683 1320 704 PEs'r
1332 676 1344 704 ἰ
1356 685 1372 703 1.
1385 684 1434 705 EN
1445 686 1474 710 s,
1498 681 1575 706 entis.
1612 682 1673 708 Adi.
1711 682 1866 719 [λοιμώδης]
1903 686 1978 722 Qcod
1992 685 2085 722 pestem
2105 687 2190 725 lrzf'ere
2208 691 2253 718 vel

63 715 178 748 dentum
199 724 257 747 me,
274 721 319 742 aug
330 713 425 741 herum
440 711 639 747 pessundabunt.
676 712 863 739 Pess'undedisti
875 722 918 739 ine
935 713 1126 742 blandimentis
1185 716 1303 749 patitur:
1324 717 1365 740 cui
1378 714 1489 741 Salubre
1508 719 1652 751 opponitur.
1688 718 1746 744 Cic.
1759 719 1791 745 de
1806 721 1871 748 Fato
1885 730 1906 747 c.
1922 731 1940 755 4
1971 724 2044 750 Inter
2063 723 2186 753 locorum
2202 736 2250 754 na·

64 751 118 779 mis
140 752 223 779 th-
238 749 307 778 Rud.
321 759 347 783 2,
361 752 386 781 6,
399 756 439 781 23·
530 748 632 775 Cunfm
654 748 735 775 Ouid,
749 748 836 775 Trjst,
850 756 872 780 3,
886 756 909 781 ς,
920 757 963 784 45,
1072 752 1127 778 Ira·
1147 764 1170 787 ¹5
1189 756 1261 776 turas
1275 758 1405 784 quantum
1427 751 1528 778 intersit
1538 771 1547 783 ‚
1568 752 1690 779 videmus
1710 754 1779 781 alios
1792 757 1841 782 ess'e
1856 757 1989 792 salubres,
2007 759 2075 786 alios
2089 761 2249 795 pestilentes.

63 787 190 815 cundiam
217 788 300 815 Plaut.
313 787 397 814 Merc.
410 794 432 818 3,
447 792 474 818 z,
488 786 513 812 6.
605 783 773 815 Peffimdare,
791 784 885 810 dieitur
897 786 964 811 ηιιιΙα
978 785 1125 820 exczffirisz,
1188 786 1245 812 Cic.
1261 785 1292 812 de
1307 786 1402 813 Diuin.
1418 795 1437 818 i,
1455 794 1490 821 79
1528 788 1559 814 lit
1580 789 1638 815 sunt
1658 796 1744 823 partes
1760 799 1887 826 agrorum
1903 793 1971 821 aliae
1990 795 2157 830 pestilentes,
2178 798 2248 827 aliae

81 834 125 851 uae
134 823 245 858 ceffirem
257 821 367 858 deorsum
381 824 485 848 excutit.
522 821 627 848 Paullus
643 821 672 846 in
685 820 703 846 l.
720 820 837 852 Bouem,
857 820 890 846 D.
904 819 937 846 de
946 820 1056 848 Aedilit.
1071 822 1124 849 edi.
1187 821 1314 849 salubres.
1389 823 1495 849 Africus
1512 824 1633 858 pestilens
1655 826 1724 853 Hor.
1741 827 1829 854 Carni.
1848 836 1871 860 3,
1885 837 1921 861 23,
1942 838 1964 862 ς.
2037 833 2093 859 Cic.
2107 833 2140 860 de
2153 834 2250 863 Diuin,

60 833 181 892 gonew,
202 859 249 895 qui
260 866 343 886 cornu
361 858 444 893 petit,
464 857 594 884 vitiosum
606 856 655 884 ess'e
670 856 793 890 plerique
807 854 900 882 dicunt
913 866 920 881 :
956 856 1022 883 item
1039 858 1125 885 mulas
1188 867 1208 890 1,
1223 866 1266 890 ¹30
1293 859 1319 885 Si
1334 858 1476 886 obscurior
1490 859 1561 894 quali
1581 861 1725 896 caliginosa
1741 862 1814 890 stella
1830 863 2084 902 exstiteritfflingue
2099 876 2125 896 et
2138 878 2249 899 concre-

61 904 131 932 quae
143 893 302 931 pessundant.
343 895 401 922 Alii
414 895 515 930 legunt,
536 895 613 928 Qiae
627 892 712 919 ceffim
725 897 797 918 eunt.
1186 899 1243 920 tuni
1267 895 1316 921 esse
1340 895 1442 921 caelum
1457 914 1464 926 ,
1490 901 1519 922 vt
1541 896 1598 922 eius
1623 897 1759 932 Aspiratio
1781 900 1870 934 grauis
1897 906 1923 927 et
1946 902 2071 935 pestilens
2093 905 2184 933 futura
2206 908 2248 936 iit.

30 949 38 954 .
98 937 183 958 pass
194 937 248 958 vM
258 937 309 971 uA
319 936 392 958 ‘rvs
403 948 411 961 ,
431 939 461 963 a,
480 938 536 972 ¹¹¹¹!-
561 929 656 957 Panic.
693 928 806 955 Animus
817 926 852 970 ad
868 926 995 971 inertiam
1006 934 1033 956 et
1046 929 1122 956 volu·
1136 942 1168 960 20
1186 930 1309 971 Auaritia
1329 931 1408 965 Apul.
1423 931 1486 971 Met.
1502 940 1518 964 9
1534 940 1558 966 p.
1572 941 1630 963 225.
1703 933 1810 961 Fundus
1824 935 1991 977 pestilentior
2005 940 2081 967 Varr.
2097 941 2127 968 R.
2143 943 2173 969 R.
2186 952 2205 975 1,
2218 953 2247 978 4.

59 973 163 1033 gtaltem
174 975 296 1003 corporis
309 965 484 1002 pessumdatus
509 965 570 994 Sall.
585 966 670 1000 lugd,
681 973 708 998 4.
744 965 778 990 al.
793 961 900 998 dtuifim.
944 965 1124 992 171d.00rt.ad
1185 966 1294 993 Inuidia
1316 966 1406 993 Senec.
1422 967 1535 1002 Hippol.
1550 974 1607 1001 487.
1682 970 1786 997 Ventus
1803 971 1946 999 horribilis
1960 980 2040 1010 atque
2054 977 2177 1011 pestilens
2197 980 2248 1007 Ca-

38 1027 43 1036 ,
317 1000 339 1040 q
368 1011 382 1030 2
419 1001 534 1037 Metapb.
571 1001 631 1028 Hoc
651 1001 740 1027 miror
752 999 826 1026 enim
839 1008 1011 1036 querorque,
1030 1010 1122 1037 quem·
1184 1002 1243 1029 tull.
1259 1011 1291 1037 24
1305 1005 1361 1036 (26)
1377 1011 1399 1037 ς.
1485 1004 1542 1031 Com
1561 1014 1600 1032 ar.
1621 1005 1679 1032 Cic.
1695 1006 1767 1033 Fam.
1787 1014 1815 1042 7,
1827 1016 1857 1041 23
1877 1011 1937 1043 (24)
1967 1011 2060 1038 Homo
2079 1013 2249 1048 pestilentior

61 1048 143 1076 quam
162 1038 303 1067 hominem
321 1040 358 1067 ita
376 1037 532 1075 pessundare
549 1036 665 1064 alterum
677 1035 767 1076 verbis
781 1035 866 1069 velle,
886 1042 915 1064 vt
928 1037 1011 1065 etiam
1024 1046 1122 1067 nauem
1183 1038 1269 1073 patria
1283 1038 1337 1065 sua.
1394 1040 1486 1065 Annus
1501 1049 1533 1075 pe
1560 1041 1670 1068 ilentior
1684 1042 1745 1069 Liu.
1760 1052 1789 1076 4,
1804 1052 1840 1070 21.
1911 1042 2012 1080 Superi.v
2027 1048 2083 1075 Cic.
2093 1050 2164 1077 Fani.
2180 1059 2203 1085 5,
2218 1054 2249 1081 16

59 1077 198 1114 perforet,
217 1077 247 1103 in
259 1084 312 1112 qua
326 1076 380 1111 ipse
395 1074 512 1109 nauiget.
584 1072 642 1100 Cic.
655 1079 695 1109 ap.
711 1071 824 1107 Qun&
837 1077 861 1106 8,
875 1075 901 1107 6,
917 1081 963 1110 47.
1182 1074 1355 1102 Grauiffimus
1363 1079 1390 1101 et
1396 1074 1619 1110 pestilentiffimus
1627 1086 1719 1104 annus.
1756 1079 1889 1113 Regiones
1896 1081 2117 1115 pestilentislimae
2125 1087 2205 1116 virm
2220 1098 2248 1122 4.

96 1119 251 1144 PESSVS,
272 1111 460 1139 vid.PESSI·
886 1111 889 1115 ’
1137 1126 1165 1152 25
1222 1117 1625 1152 PESTILENTIARIVS,
1651 1122 1682 1146 ὃ,
1708 1123 1762 1141 uin.
1793 1115 1855 1143 Adi.
1893 1116 1970 1146 Idem.
2007 1108 2249 1160 Tertull.deSpe·

97 1155 114 1176 P
123 1155 141 1179 E
150 1156 163 1176 s
173 1155 214 1177 Τ]
223 1155 236 1176 s
244 1169 254 1182 ‚
271 1148 303 1175 is.
331 1147 352 1175 f.
388 1144 507 1179 [λοιμὸς,
520 1143 605 1181 φθοραὶ
618 1144 695 1180 GL]
720 1145 827 1174 Morbus
838 1149 988 1183 contagione
1001 1152 1122 1184 totos-po·
1183 1146 1278 1174 &acub
1294 1156 1316 1173 c.
1330 1154 1364 1182 27
1389 1147 1486 1175 Sedilia
1502 1148 1618 1176 hostium
1635 1149 1735 1177 Christi
1744 1171 1752 1184 ‚
1767 1151 1891 1179 cathedra
1904 1153 2102 1187 pestilentiaria.

51 1185 130 1224 pulos
142 1183 286 1221 bifestum,
304 1190 328 1211 et
340 1181 462 1220 quidquid
473 1181 590 1217 publice,
609 1188 654 1209 aut
671 1182 803 1217 pluribus,
820 1188 866 1210 aut
883 1184 1037 1210 vehementer
1055 1191 1123 1211 certe
1220 1190 1281 1210 1²13s
1291 1190 1312 1210 T
1322 1190 1357 1210 1L
1368 1189 1385 1210 E
1396 1191 1418 1210 N
1430 1191 1452 1211 Τ
1462 1191 1471 1210 1
1482 1185 1522 1212 Os
1532 1192 1574 1212 vs
1584 1205 1591 1217 ,
1613 1194 1642 1216 a,
1663 1195 1718 1213 um.
1750 1187 1811 1214 Adi.
1851 1188 1957 1224 leian.
1972 1191 2000 1217 in
2015 1192 2030 1217 1.
2044 1201 2061 1219 2.
2075 1194 2106 1221 l).
2121 1194 2164 1221 Ne
2178 1195 2246 1231 quid

58 1224 160 1248 noxium
168 1219 367 1258 pernicioſsimae
380 1218 493 1246 indicare
506 1218 625 1245 volumus.
673 1218 757 1245 Plaut.
770 1217 867 1254 Amph.
882 1227 908 1252 2,
923 1228 943 1252 i,
956 1228 983 1252 33
1004 1219 1083 1247 Pestis
1096 1226 1123 1248 te
1184 1218 1214 1246 in
1227 1218 1287 1246 loco
1302 1218 1375 1254 publ.
1389 1220 1449 1251 fiat,
1471 1221 1497 1247 Si
1518 1220 1603 1248 odore
1624 1222 1674 1248 soli
1695 1222 1768 1250 locus
1787 1224 1985 1259 pestilentiosus
2006 1226 2060 1254 fiat.
2134 1232 2170 1258 Ex
2193 1232 2248 1259 hoe

57 1263 142 1285 tenet.
259 1256 406 1284 Pluralieer.
443 1254 509 1281 Plin.
525 1262 549 1287 2,
562 1260 580 1289 7
599 1254 698 1282 Inferis
721 1263 832 1290 quoque
855 1255 884 1281 in
907 1264 1005 1290 genera
1026 1255 1123 1284 descri—
1183 1255 1267 1283 initio
1275 1255 1460 1291 pestilentioso
1472 1263 1575 1284 caetera
1588 1258 1726 1293 sacrilegia
1740 1259 1919 1294 sequebantur
1932 1263 2070 1298 Augustin.
2080 1265 2160 1294 Conf.
2175 1276 2246 1300 3,10.

58 1293 129 1330 ptis,
145 1291 317 1328 morbisque,
336 1297 363 1319 et
376 1290 468 1318 multis
481 1290 561 1317 etiam
574 1289 709 1326 pestibus,
729 1290 794 1318 dum
812 1291 861 1319 esse
880 1291 994 1326 placatas
1014 1293 1122 1327 trepido
1136 1305 1167 1329 30
1219 1299 1260 1320 PE
1270 1299 1332 1320 ST1
1344 1298 1360 1319 F
1372 1290 1417 1320 ἐκ
1430 1299 1450 1318 ν
1462 1301 1475 1320 s
1485 1314 1493 1327 ‚
1513 1303 1548 1327 a‚¹
1566 1303 1621 1321 um.
1653 1295 1713 1322 Adi.
1748 1296 1824 1323 Idem.
1862 1297 1930 1326 Cels.
1947 1307 1971 1331 2,
1985 1302 2003 1326 6
2028 1301 2116 1329 Sudor
2134 1312 2247 1339 quoque

41 1338 43 1341 ·
57 1335 135 1358 metii
160 1328 291 1364 cupimus.
327 1327 357 1355 de
380 1329 437 1355 Dls
458 1328 579 1362 quuitur.
683 1326 828 1355 Mutandae
844 1327 984 1362 regiones,
1004 1329 1078 1364 quod
1091 1329 1122 1357 in
1180 1328 1297 1364 frigidus
1312 1329 1341 1355 in
1353 1335 1430 1356 acuta
1444 1329 1522 1357 febre
1536 1329 1677 1365 pestiferus
1692 1331 1737 1358 est.

57 1364 187 1393 omnibu·
198 1364 302 1392 morbis
315 1370 341 1391 et
355 1363 469 1400 pestibus
481 1363 542 1390 fieri
555 1361 652 1390 debere
666 1364 802 1391 censemus
821 1364 929 1391 Colum.
943 1372 970 1399 7,
984 1373 1006 1398 ς.
1088 1366 1121 1393 Et
1220 1372 1236 1392 Ρ
1254 1372 1270 1392 E
1285 1372 1298 1392 S
1312 1371 1334 1391 ‘r
1350 1367 1360 1391 ‘1'
1378 1372 1395 1392 F
1410 1372 1428 1393 Ε
1443 1373 1463 1393 R
1477 1388 1486 1401 ,
1513 1368 1574 1400 era,
1601 1369 1688 1395 eruin.
1725 1367 1787 1396 Adi.
1831 1369 1844 1403 [
1853 1369 1958 1406 ἐξώλης,
1985 1370 2095 1406 ἰοέῗόλος,
2120 1373 2246 1409 immittas,

0 1412 2 1420 .
56 1403 181 1430 minuere
194 1401 289 1428 auidae
301 1401 397 1427 mortis
410 1399 532 1435 contagia
547 1398 629 1433 pestes
647 1399 693 1426 Sil.
708 1409 748 1434 14,
761 1401 818 1432 623.
856 1400 931 1437 Conf.
945 1401 1074 1430 Drakenb.
1088 1402 1124 1429 ad
1180 1400 1321 1437 φθισῆνωρ,
1343 1402 1432 1435 >solym
1486 1403 1600 1430 Fulmen
1619 1403 1794 1439 pestiferum,
1815 1406 1897 1440 Qiod
1923 1413 2039 1434 mortem
2061 1416 2107 1436 aut
2130 1411 2245 1439 „flium

46 1438 105 1467 „35¹-
120 1447 161 1472 ¹4,
176 1442 231 1471 332.
326 1436 419 1468 pestis,
440 1435 575 1473 aliquando
588 1435 616 1461 de
632 1436 738 1462 Homine
749 1435 861 1469 dicitur,
878 1440 922 1472 qui
933 1438 996 1464 alios
1009 1447 1122 1465 corrum-
1179 1437 1312 1470 ostendit,
1333 1440 1418 1474 inquit
1455 1438 1532 1466 estus.
1569 1440 1709 1468 Vomuifl'e
1725 1441 1754 1468 in
1768 1441 1860 1474 febre,
1873 1442 2029 1478 pestiferum
2043 1446 2079 1472 est
2098 1447 2166 1475 Cels.
2181 1456 2207 1481 2,
2221 1451 2241 1475 6

49 1478 112 1513 pit,
130 1481 154 1501 ct
168 1474 259 1501 damna
271 1472 364 1509 infert.
399 1473 470 1500 Ter.
483 1471 597 1507 Adelph.
611 1480 636 1502 2,
652 1480 672 1505 1,
685 1479 712 1505 33
733 1473 808 1500 Leno
821 1473 894 1506 suni,
908 1473 1010 1505 fatcor,
1030 1475 1121 1509 pcrni-
1136 1487 1162 1511 35
1178 1473 1289 1501 Pestifer
1303 1480 1369 1508 potu
1383 1479 1522 1503 taurorum
1537 1474 1642 1511 sanguis
1662 1476 1730 1504 Plin.
1746 1486 1778 1510 11,
1790 1483 1828 1511 38.
1899 1480 1953 1507 Aer
1973 1481 2082 1516 pestifer
2098 1483 2191 1511 Claud.
2207 1484 2250 1512 de.

0 1531 2 1544 ι
54 1511 111 1539 cies
125 1509 277 1537 communis
289 1508 510 1542 adolescentium,
527 1507 668 1543 periurus,
685 1508 774 1544 pestis.
867 1509 948 1536 Pestis
961 1510 990 1536 in
1002 1511 1122 1538 amicitia
1181 1510 1248 1537 Bell.
1265 1509 1338 1537 Gild.
1360 1519 1417 1544 514.
1498 1513 1591 1547 Aquae
1617 1513 1710 1540 Valer.
1730 1514 1831 1550 Argon.
1852 1523 1881 1548 4,
1901 1523 1961 1549 594.
2042 1519 2129 1546 Amor
2155 1520 2246 1548 Senec.

53 1547 188 1583 pecuniae
220 1545 353 1581 cupiditas
392 1545 452 1572 Cic.
471 1545 505 1572 de
519 1543 630 1571 Amicii.
666 1563 674 1572 .
711 1565 718 1572 .
739 1553 762 1572 ’.
800 1546 836 1572 It.
855 1545 976 1573 adulatio
997 1546 1035 1573 ib.
1049 1556 1071 1574 c.
1084 1556 1122 1582 25·
1181 1545 1276 1573 Theb.
1292 1555 1312 1573 1.
1384 1548 1467 1574 Arma
1485 1548 1560 1575 Idem
1575 1549 1654 1576 Herc.
1671 1549 1725 1577 fur.
1749 1559 1780 1578 11.
1854 1552 1979 1587 Auspicia
1999 1553 2066 1581 Fest.
2140 1556 2247 1584 Bellum

56 1584 121 1611 Ami
139 1583 144 1588 '
157 1583 202 1610 -iae
214 1580 318 1610 nosti-ae
330 1581 409 1618 pestis
428 1581 526 1608 Catull.
541 1588 581 1615 75,
595 1581 622 1607 6.
731 1581 869 1615 Quaedam
885 1582 966 1617 pestes
980 1582 1122 1610 hominum
1181 1582 1355 1617 pestiferum,
1375 1584 1559 1621 Perniciofimi‚
1573 1592 1675 1612 mortem
1687 1585 1799 1620 afferens
1814 1586 1871 1614 Cic.
1887 1588 1959 1616 Fam.
1973 1598 2002 1623 4,
2016 1598 2038 1622 3.
2063 1597 2088 1617 et
2100 1591 2154 1619 Att.
2169 1597 2191 1623 8.
2205 1602 2247 1627 ¹4-

56 1619 116 1647 Cic.
151 1627 203 1646 am.
215 1626 238 1652 ς,
250 1624 273 1649 8,
286 1627 310 1651 3.
381 1618 424 1646 Sic
435 1618 521 1644 Malae
534 1617 658 1644 Mulieres
673 1615 793 1644 dicuntur
818 1618 895 1645 Pestis
915 1619 1123 1655 teterrimaeque
1182 1619 1266 1646 Calor
1287 1619 1353 1645 Plin.
1373 1626 1400 1654 7,
1420 1628 1460 1653 50.
1534 1620 1616 1648 Ciues
1643 1622 1701 1649 Cic.
1722 1632 1771 1657 pro
1791 1623 1882 1650 Domo
1900 1628 1932 1655 ες
1952 1633 1974 1651 c.
1994 1634 2032 1658 32·
2106 1628 2246 1656 Exhalatio

0 1677 2 1687 ,
57 1656 148 1684 furiae
168 1655 246 1690 Apul.
261 1655 325 1682 Met.
341 1661 354 1688 5
369 1663 394 1688 p.
409 1655 467 1687 164.
538 1652 609 1679 Add.
627 1652 667 1678 Id.
686 1653 764 1687 Apol.
784 1662 810 1689 p.
830 1662 887 1688 334.
994 1655 1121 1683 Ciuitatis
1132 1667 1168 1694 40
1182 1654 1307 1690 pestifera
1322 1655 1420 1682 auibus
1434 1656 1501 1683 Plin.
1514 1666 1533 1691 4
1549 1657 1578 1683 in
1591 1658 1675 1693 praef.
1714 1660 1745 1685 Et
1759 1667 1791 1689 ii,
1807 1667 1834 1691 ¹9
1863 1660 1967 1696 Papilio
1986 1661 2068 1689 etiam
2088 1662 2201 1697 ignauus
2219 1670 2248 1693 et

56 1691 137 1728 pestis
149 1699 179 1718 ac
193 1689 326 1726 pernicies
357 1690 416 1717 Cic.
436 1698 486 1725 pro
498 1688 592 1717 Rabir.
606 1696 622 1714 2
635 1697 657 1714 c.
673 1696 692 1714 i.
801 1689 876 1716 Idem
892 1689 925 1716 de
938 1691 1032 1725 Arusp.
1046 1692 1123 1727 Resp.
1180 1690 1357 1717 inhonoratus
1377 1691 1497 1726 pestifer.
1569 1694 1662 1720 Fames
1687 1694 1770 1721 Ouid.
1788 1695 1853 1721 Met.
1874 1701 1898 1728 8,
1917 1701 1979 1730 784.
2054 1698 2157 1733 Fulgur
2176 1700 2246 1730 Fest.

58 1737 79 1763 4
99 1728 168 1756 Cum
183 1726 225 1754 his
237 1726 320 1754 furiis
334 1732 360 1753 et
373 1725 493 1758 facibus,
512 1734 574 1751 cum
593 1723 636 1750 his
651 1723 763 1763 inquam
781 1725 900 1765 ‘'fissfffis
920 1725 1070 1760 prodigiis,
1091 1737 1122 1754 ac
1181 1726 1318 1753 Gaudium
1333 1726 1394 1767 Liu.
1412 1736 1431 1759 1,
1446 1732 1485 1767 58..
1498 1762 1503 1767 .
1551 1729 1624 1762 Ignis
1636 1729 1717 1755 Ouid.
1732 1731 1797 1756 Met.
1812 1735 1835 1762 8,
1849 1738 1914 1766 477.
1987 1732 2082 1759 Manus
2095 1733 2169 1762 Idem
2180 1737 2246 1764 Met.

56 1773 141 1800 paene
153 1763 234 1791 huius
246 1762 357 1797 imperii
370 1761 501 1796 pestibus,
518 1760 620 1786 bellum
634 1758 706 1785 mihi
719 1759 885 1794 inexpiabile
900 1760 963 1787 dico
976 1763 1026 1787 esse
1039 1762 1120 1789 susce·
1181 1770 1209 1794 4,
1224 1769 1285 1794 493.
1359 1763 1415 1788 Cic.
1433 1762 1551 1797 Philipp.
1566 1772 1588 1796 3,
1601 1772 1615 1797 3
1655 1765 1746 1798 Qiuin
1766 1766 1884 1792 maxime
1904 1766 1984 1794 furor
2002 1768 2108 1796 arderet
2121 1771 2248 1806 Antonii,

56 1807 142 1835 ptum.
247 1798 351 1825 Patriae
364 1796 436 1823 furia
449 1804 479 1822 ac
491 1795 568 1829 pestis
585 1794 643 1820 Cic.
658 1803 708 1828 pro
722 1793 792 1821 Sext.
807 1804 844 1827 33.
935 1796 1063 1830 Reipubl.
1078 1798 1120 1824 fu-
1179 1804 1319 1831 quumque
1333 1797 1392 1824 eius
1405 1806 1421 1823 a
1433 1798 1583 1825 Brundufio
1595 1799 1711 1826 crudelis
1732 1806 1758 1827 et
1773 1801 1883 1836 pestifer
1896 1802 2009 1830 Reditus
2030 1805 2183 1840 timeretur,
2197 1815 2246 1837 etc.

52 1836 126 1863 nesta
140 1835 218 1870 pestis
235 1834 292 1860 Cic.
304 1841 356 1867 pro
369 1832 459 1858 Domo
473 1838 495 1863 ς.
537 1847 540 1848 ⁷
585 1829 685 1856 Pestcm
699 1830 728 1857 de
741 1831 861 1857 lucendio
874 1830 943 1858 dixit
966 1833 1042 1867 Virg.
1052 1834 1118 1861 Aen.
1134 1842 1163 1867 45
1179 1832 1269 1859 Rebus
1290 1842 1304 1860 a
1319 1833 1453 1868 pestiferis
1473 1841 1499 1861 et
1518 1835 1678 1863 nocentibus
1699 1837 1823 1872 refugere
1852 1838 1908 1865 Cic.
1922 1839 1955 1866 de
1968 1840 2030 1867 Nat.
2045 1841 2124 1870 Deor.
2145 1852 2171 1876 2,
2194 1853 2246 1871 120.

53 1878 77 1906 ς,
89 1874 142 1905 699
171 1869 320 1897 RestinCtus
342 1867 428 1894 donec
450 1874 536 1902 vapor
556 1866 663 1898 omnis,
685 1872 711 1893 et
727 1875 838 1900 omnes,
875 1868 1000 1901 Qatuor
1013 1869 1119 1903 aminis,
1179 1869 1353 1896 Tribunatus
1371 1870 1482 1905 pestifer
1502 1879 1530 1898 ac
1551 1872 1670 1899 funestus
1688 1872 1762 1899 Idem
1778 1883 1826 1908 pro
1841 1875 1931 1901 Domo
1947 1884 1969 1902 2.
2041 1878 2142 1906 Venter
2161 1880 2246 1908 Ouid.

52 1908 172 1936 seruatae
201 1915 217 1933 a
247 1904 318 1940 peste
349 1903 466 1931 carinae.
575 1900 679 1930 Acerba
699 1902 778 1938 pestis
815 1903 891 1938 Virg.
909 1904 1008 1939 Georg.
1022 1914 1045 1938 3,
1058 1914 1117 1940 419.
1178 1905 1245 1933 Met.
1261 1914 1282 1939 1,
1295 1914 1347 1939 459
1366 1906 1396 1932 de
1410 1907 1523 1941 Pythone
1536 1907 1664 1944 serpente.
1737 1910 1841 1944 Vipera
1861 1918 1992 1939 venenata
2005 1918 2031 1939 et
2045 1914 2170 1949 pestifera
2185 1917 2244 1944 Cic.

53 1942 168 1973 Adulta,
187 1940 243 1969 vid.
263 1946 402 1973 ADOLEO.
511 1937 611 1965 Blanda
624 1938 703 1973 pestis
717 1939 826 1966 luxuria
842 1940 930 1966 Senec.
943 1941 1040 1968 Oblau.
1059 1943 1077 1969 s.
1094 1952 1117 1976 7.
1179 1941 1212 1968 de
1232 1942 1326 1977 Arusp.
1345 1943 1423 1977 Resp.
1445 1951 1476 1976 50
1496 1952 1519 1970 c.
1542 1953 1586 1977 24.
1660 1945 1743 1972 Virus
1764 1945 1847 1973 Ouid.
1861 1947 1948 1975 Trist.
1968 1956 1990 1981 ς,
2011 1957 2034 1981 2,
2055 1958 2094 1983 ¹4·
2167 1953 2245 1981 Vitia
2288 1966 2289 1972 ¹

52 1978 198 2014 Capitalis,
215 1976 418 2005 vid.'CAPV'r.
489 1975 644 2009 Corporeae
663 1975 739 2010 Virg.
760 1976 826 2003 Aen.
847 1978 875 2008 6,
893 1983 955 2011 737.
993 1978 1118 2005 Peccandi
1178 1978 1318 2013 pestifera,
1337 1978 1462 2011 luxuria,
1482 1981 1612 2010 auaritia,
1631 1981 1773 2008 crudelitas
1793 1982 1849 2008 Cic.
1866 1983 1898 2008 de
1912 1983 1970 2010 Fin.
1984 1992 2008 2016 3,
2022 1992 2062 2019 75.

49 2015 178 2044 illecebrae
191 2020 320 2048 acorpore
331 2018 410 2039 ortae.
482 2010 594 2037 Fluidae
608 2011 731 2045 contagia
745 2011 823 2045 pestis
844 2012 942 2038 Lucan.
956 2014 982 2044 6,
996 2017 1037 2046 89.
1057 2023 1119 2050 quae
1130 2020 1162 2042 ςο
1216 2020 1232 2039 Ρ
1243 2020 1356 2040 ESTIF
1366 2013 1384 2041 ἒ
1394 2021 1412 2040 R
1423 2020 1448 2040 Ε.
1486 2014 1556 2041 Adu.
1593 2015 1725 2050 [λοιγίως]
1762 2017 1817 2043 Cic.
1840 2016 1872 2043 de
1887 2018 1981 2053 Legib.
1997 2028 2023 2052 2,
2042 2029 2066 2053 13
2082 2030 2103 2047 c.
2120 2029 2133 2051 ς
2166 2023 2242 2058 Qtid

52 2062 83 2079 ex
103 2049 191 2087 fluida
210 2049 344 2076 cadaueris
355 2047 429 2082 sante
452 2045 604 2084 creabatur..
646 2072 649 2075 ,
703 2046 815 2073 Gelidae
835 2047 933 2073 Lucan.
947 2056 974 2080 9,
987 2053 1050 2081 844.
1087 2049 1118 2075 de
1179 2049 1252 2082 quod
1272 2048 1357 2076 multa
1376 2049 1540 2084 perniciose,
1561 2051 1646 2077 multa
1665 2052 1790 2086 pestifere
1811 2053 1957 2081 sciscuntur
1976 2055 2005 2081 in
2025 2057 2148 2091 populiS,
2174 2068 2242 2094 quae

45 2086 217 2127 serpentibus:
318 2080 509 2117 Improuifior,
529 2089 695 2115 grauiorque
718 2081 796 2117 pestis
817 2082 871 2109 fuit
899 2082 990 2110 Tacit.
1011 2084 1082 2111 Ann.
1095 2094 1118 2117 2,
1177 2093 1233 2110 non
1249 2085 1334 2119 magis
1347 2085 1414 2121 legis
1427 2094 1527 2113 nomen
1538 2087 1691 2123 attingunt,
1710 2098 1790 2124 quam
1804 2088 1822 2116 fi
1843 2089 1942 2118 latores
1954 2091 2047 2127 aliqua
2059 2095 2177 2121 concessu
2194 2097 2242 2124 suo

54 2130 103 2158 47.
211 2119 323 2148 Insolita
340 2118 432 2145 Senec.
446 2117 526 2144 Herc.
540 2117 602 2144 Oet.
617 2117 636 2143 s.
650 2124 675 2152 7.
765 2117 823 2146 Cic.
836 2117 904 2145 Phil.
919 2121 944 2151 6,
958 2128 984 2146 12
997 2129 1019 2146 c.
1036 2129 1049 2154 ς
1068 2121 1118 2148 Ρο-
1176 2121 1329 2147 sanxerunt.

54 2159 115 2195 pun
136 2157 254 2185 Romani
275 2155 361 2190 igitur
384 2153 421 2180 est
445 2153 572 2180 Patronus
591 2153 622 2179 L.
636 2153 792 2181 Antonius?
829 2155 930 2182 Malam
947 2155 1059 2191 quidem
1074 2157 1118 2184 illi
1215 2153 1468 2190 PESTIBi'Lts,
1490 2167 1513 2185 e.
1539 2158 1600 2186 Adi.
1638 2160 1800 2187 Attributum
1821 2170 1850 2187 cx
1865 2161 1938 2189 Peste
1957 2162 2096 2191 deduffiam.
2134 2166 2242 2194 Diocle-

52 2194 152 2231 pestem
165 2193 173 2220 l
209 2191 328 2220 clamori
342 2191 415 2219 enim
428 2189 517 2216 vestro
530 2189 663 2217 assentior.
702 2191 796 2226 Nempe
806 2194 990 2228 interrogante,
1009 2199 1040 2219 vt
1052 2195 1117 2219 inui-
1130 2200 1160 2229 55
1175 2192 1263 2220 tianus
1279 2200 1305 2220 et
1318 2193 1432 2221 Maxim.
1453 2195 1482 2221 in
1500 2194 1517 2223 l.
1536 2204 1596 2231 pen.
1617 2194 1650 2222 de
1663 2196 1773 2223 Aedilit.
1786 2197 1958 2234 affixionibus,
1977 2200 2009 2226 C.
2022 2200 2159 2229 Pestibiles
2180 2202 2240 2231 her-

52 2231 122 2259 diam
137 2229 253 2266 faceret,
273 2228 402 2258 Cicerone,
422 2226 525 2260 Populo
561 2241 607 2246 -—-
644 2226 802 2253 Antonius?
839 2228 1012 2255 Succlamabat
1029 2232 1115 2256 concio
1174 2227 1224 2256 bae
1245 2229 1376 2256 letiferae.
1643 2254 1646 2255 .

51 2264 231 2299 circumfluus,
248 2263 347 2292 Malam
366 2262 407 2290 illi
420 2262 518 2298 pestem
531 2261 538 2289 1
610 2261 702 2290 Noxia
716 2263 867 2297 serpentum
881 2263 918 2290 est
930 2263 1045 2292 admisto
1059 2266 1116 2292 san·
1214 2271 1230 2291 Ρ
1241 2272 1280 2292 Es
1290 2273 1311 2292 T
1322 2263 1360 2292 1⁹1.
1370 2273 1379 2292 1
1389 2272 1421 2299 s,
1439 2275 1463 2293 e.
1484 2266 1545 2294 Adi.
1583 2265 1661 2294 Idem.
1700 2267 1803 2295 Arnob.
1820 2277 1830 2295 1
1844 2278 1869 2304 p.
1885 2278 1906 2297 11
1928 2271 2032 2299 Possunt
2048 2282 2097 2300 nos
2110 2274 2182 2301 auris
2195 2284 2240 2310 pe..

53 2304 138 2339 guine
170 2301 247 2337 pestis
284 2301 383 2328 Lucan.
416 2307 443 2332 9,
473 2301 529 2332 614.
597 2298 751 2326 Numerosa
785 2299 844 2326 Sen.
858 2300 939 2328 Herc.
953 2301 1015 2328 Oet.
1035 2302 1053 2328 s.
1076 2310 1113 2328 iz.
1176 2301 1283 2330 stilibus
1297 2310 1414 2328 enecare.

54 2338 178 2367 'sextilis
202 2336 294 2372 pestis,
313 2339 332 2363 i.
363 2334 444 2369 Vestis
466 2337 568 2361 veneni:
589 2334 698 2366 imbuta,
715 2344 762 2371 qua
780 2338 864 2371 periit
887 2337 1016 2364 Hercules.
1053 2338 1112 2365 Cic.
1212 2339 1472 2369 PESTiL'i‘TAs,
1490 2337 1551 2364 atis.
1571 2338 1592 2365 f.
1629 2339 1738 2376 [κεῖραι]
1776 2341 1854 2377 Apud
1867 2343 1994 2379 antiquos
2008 2344 2159 2379 legebatur,
2179 2345 2240 2376 tesie

55 2375 139 2402 Tusc.
152 2383 177 2406 2,
187 2383 223 2400 20
238 2383 259 2400 c.
272 2379 286 2403 8
311 2373 368 2407 Ipse
400 2371 519 2406 illigatus
550 2370 620 2406 peste
651 2371 796 2399 interimor
827 2372 926 2399 textili.
964 2374 1008 2400 AI.
1023 2374 1111 2401 Veste.
1124 2375 1158 2400 60
1173 2373 1247 2400 Non.
1268 2380 1294 2400 et
1315 2373 1389 2400 idem
1403 2373 1440 2413 eit
1460 2374 1532 2409 quod
1553 2374 1641 2402 Pestis.
1697 2376 1803 2404 Lucret.
1822 2380 1849 2410 6,
1871 2387 1920 2410 1:23
1952 2381 2025 2407 Haec
2044 2382 2128 2416 igitur
2147 2382 2238 2411 subito

55 2410 186 2437 Vulcania
206 2409 300 2444 pestis,
319 2408 465 2436 Incendium
495 2407 542 2434 Sil.
566 2416 589 2440 7,
609 2409 668 2439 360.
740 2407 816 2443 Conf.
829 2409 906 2444 Virg.
920 2409 986 2436 Aen.
999 2417 1029 2443 ς,
1050 2413 1112 2444 699.
1172 2409 1259 2437 clades
1272 2419 1357 2442 noua,
1373 2410 1565 2445 pestilitasque.
1601 2411 1669 2438 Add.
1685 2411 1723 2439 ib.
1738 2422 1764 2439 v.
1785 2416 1859 2447 1096.
1897 2416 1981 2443 Lucil.
1996 2425 2037 2453 ap.
2050 2418 2123 2444 Non.
2139 2428 2161 2451 2,
2176 2423 2238 2453 684.

55 2445 78 2486 q
96 2454 112 2474 2
153 2446 287 2472 Verborum
294 2444 422 2481 formulae
435 2455 443 2470 .·
478 2444 585 2471 Caeteri
598 2439 686 2478 pa'ffim
699 2443 747 2471 alii
759 2444 811 2472 alia
824 2444 894 2480 peste
907 2445 1029 2473 Absumti
1051 2447 1112 2474 sunt
1211 2452 1227 2472 Ρ
1240 2452 1256 2472 F.
1265 2454 1278 2473 s
1287 2453 1309 2473 T
1319 2453 1328 2472 1
1337 2453 1354 2473 L
1365 2453 1381 2473 E
1394 2453 1414 2473 N
1427 2453 1448 2473 T
1457 2453 1477 2472 v
1489 2453 1517 2479 s,
1538 2455 1566 2477 a,
1586 2457 1641 2474 um.
1660 2448 1722 2475 Adi.
1757 2449 1900 2478 Pestilentia
1913 2451 1980 2479 loca.
2025 2454 2089 2490 Vsus
2102 2453 2135 2489 est
2148 2455 2238 2483 Naeu.

53 2483 115 2514 Liu.
126 2489 216 2515 2519.
235 2481 352 2517 i.fame,
366 2481 489 2518 frigore,
502 2479 667 2517 submeifione
686 2486 732 2507 etc.
841 2481 923 2508 Multi
936 2481 1028 2509 eadem
1042 2483 1113 2518 peste
1170 2480 1231 2516 teste
1246 2482 1315 2509 Gell.
1328 2491 1366 2516 19,
1381 2487 1394 2513 8
1409 2486 1459 2518 (7).
1487 2483 1637 2519 Obeletum.

53 2515 175 2547 Abl'umti
187 2518 247 2544 sunt
266 2517 327 2545 Liu.
343 2526 383 2550 23,
395 2520 434 2544 26.
454 2516 483 2543 de
513 2514 645 2549 estilentia.
749 2516 827 2543 Adest
840 2525 911 2544 noua
925 2518 1003 2553 pestis
1023 2518 1108 2546 Ouid.
1210 2525 1323 2547 PESTI
1335 2525 1362 2549 M
1373 2525 1434 2553 VS,
1451 2527 1483 2552 a,
1502 2528 1556 2547 um.
1578 2519 1641 2548 Adi.
1676 2521 1823 2558 λοιμσφόρος
1840 2523 1901 2551 Vet.
1919 2522 2001 2552 Gloffi

51 2555 117 2582 Met.
131 2564 156 2590 9,
169 2562 228 2581 200.
299 2553 391 2580 Maior
402 2523 536 2587 visjpeiiis
548 2553 699 2591 Poenorum
712 2552 794 2580 castra
808 2554 1029 2589 quamRomana
1043 2555 1112 2582 Affe-
1123 2558 1156 2588 65
1194 2545 1204 2559 '

50 2594 122 2618 cerat
142 2591 202 2618 Liu.
217 2597 255 2623 25,
268 2591 311 2616 26.
419 2590 549 2616 Auertere
563 2588 662 2623 pestem
675 2598 708 2615 ai.
729 2590 850 2625 Aegypto
876 2589 933 2617 Cic.
947 2590 979 2617 de
993 2591 1029 2618 N.
1045 2592 1077 2618 D.
1094 2601 1112 2623 1,
1558 2584 1580 2616 Ρ
1685 2585 1712 2616 F.
1819 2586 1854 2619 T

48 2636 108 2656 102.
203 2627 280 2661 Virg.
295 2626 360 2652 Aen.
373 2633 397 2658 3,
418 2627 468 2652 620
504 2639 550 2645 -—
588 2625 635 2651 Dii
660 2625 740 2652 talem
764 2626 843 2653 terris
857 2626 979 2653 Auertite
1003 2627 1112 2662 pestem.
1212 2634 1229 2655 Ρ
1239 2635 1256 2656 E
1267 2633 1291 2656 Τ
1300 2635 1322 2656 Α
1331 2648 1341 2662 ,
1379 2636 1394 2657 Ρ
1403 2635 1420 2657 Ε
1430 2635 1511 2658 ΤΑΧ
1521 2651 1529 2664 ,
1564 2630 1620 2658 vid.
1658 2638 1674 2658 P
1684 2638 1701 2659 Ε
1713 2638 1736 2660 Τ
1746 2639 1776 2660 O.

52 2661 221 2690 Auertendae
253 2670 269 2689 a
296 2661 397 2697 populo
419 2660 496 2697 pestis
514 2660 590 2687 causa
617 2661 678 2688 Liu.
693 2670 721 2694 4,
735 2670 775 2696 25.
883 2663 1021 2690 Arcendae
1033 2664 1112 2698 pestis
1210 2671 1225 2692 P
1237 2670 1254 2691 E
1263 2671 1286 2691 Τ
1295 2672 1317 2692 Α
1327 2672 1344 2692 L
1354 2672 1373 2693 0
1383 2673 1406 2693 N
1415 2687 1422 2697 ‚
1437 2667 1463 2703 s.
1486 2674 1502 2694 Ρ
1514 2674 1530 2694 Ε
1543 2673 1566 2693 T
1578 2675 1599 2694 A
1610 2674 1626 2693 L
1636 2674 1656 2694 V
1666 2675 1693 2696 M
1704 2688 1712 2701 ‚
1733 2668 1752 2698 i.
1780 2678 1807 2695 n.
1845 2668 1992 2705 [ει-ἔναλον]
2026 2670 2107 2706 Apud
2130 2672 2237 2700 Graecos

52 2699 129 2725 causa
149 2698 210 2724 Liu.
231 2705 255 2732 ς,
275 2706 309 2731 14.
417 2699 551 2733 Concepta
572 2697 662 2730 aestu,
681 2697 734 2724 vid.
758 2703 931 2726 CONCIPIO.
1040 2701 1113 2727 Con-
1171 2700 1271 2728 folium
1285 2700 1327 2734 ist.
1385 2704 1456 2729 Hinc
1477 2701 1497 2741 ff
1515 2712 1531 2730 2
1555 2703 1648 2731 Ifidor.
1665 2713 1702 2739 19,
1716 2714 1733 2732 2
1759 2705 1878 2733 Petalium
1892 2714 1966 2733 vocat
1985 2715 2094 2735 auream
2107 2707 2236 2736 laminam

51 2735 127 2762 serre
143 2734 242 2770 pestem
248 2754 258 2767 ,
278 2733 332 2760 vid.
351 2739 510 2761 CONFERO.
580 2734 768 2769 Comprimere
789 2734 845 2761 Cic.
859 2744 909 2770 pro
924 2735 1022 2763 Milon.
1044 2756 1050 2762 .
1075 2757 1081 2763 .
1104 2756 1112 2764 .
1125 2746 1158 2770 70
1172 2737 1201 2763 in
1216 2737 1308 2764 fronte
1320 2738 1467 2766 pontificis.

52 2771 216 2798 Consumtus
230 2779 245 2796 a
258 2769 344 2804 peste,
364 2769 417 2796 vid.
438 2775 605 2797 CONSVMO.
712 2770 852 2806 Depelle1·e
867 2771 981 2806 pestem,
1001 2773 1112 2799 Mortem
1209 2779 1224 2799 Ρ
1235 2779 1433 2809 ETALIAE,
1459 2775 1562 2803 Insulae
1583 2776 1613 2804 iri
1629 2776 1732 2812 Euripo
1752 2776 1891 2810 Euboico,
1912 2777 2002 2812 primo
2024 2778 2082 2806 fere
2110 2779 2235 2811 introitu,

51 2807 129 2841 Virg.
144 2807 209 2833 Aen.
224 2814 251 2840 9,
264 2810 319 2838 328.
399 2804 505 2840 Depulfi
519 2814 533 2831 a
546 2806 683 2832 communi
697 2806 767 2841 peste
781 2807 876 2834 fluetus
891 2807 920 2834 in
935 2809 1113 2844 nosmetipsos
1170 2818 1286 2837 numero
1301 2816 1418 2845 quatuor
1431 2811 1498 2838 Plin.
1507 2821 1535 2846 4,
1548 2821 1585 2840 12.
1624 2814 1696 2840 Forte
1710 2822 1726 2839 a
1738 2822 1880 2849 quacunque
1885 2814 1953 2849 solii
1958 2814 2131 2848 stmilitudinc
2143 2815 2236 2843 diffie.

52 2842 235 2870 redundarunt
246 2841 314 2870 .Cic.
332 2841 365 2868 de
383 2841 459 2868 Orat.
473 2850 492 2871 1‚
513 2849 535 2873 3.
640 2841 782 2870 Descendit
814 2849 873 2870 toto
901 2853 1015 2879 corpore
1033 2845 1115 2881 pestis
1210 2851 1225 2871 Ρ
1236 2852 1284 2872 ΕΤ
1295 2854 1342 2874 AL
1354 2854 1365 2874 1
1377 2854 1452 2881 VM,
1473 2849 1491 2875 i.
1521 2857 1547 2875 n.
1583 2848 1734 2883 [ma-dmm,
1758 2850 1970 2885 μαλαβιέθρινην]
2017 2852 2145 2888 Vnguenti
2159 2860 2234 2888 prue-

52 2879 128 2914 Virg.
145 2880 210 2905 Aen.
224 2886 246 2911 ς,
261 2880 317 2911 683.
425 2877 585 2917 Diffundunt
603 2877 723 2912 rapidam
742 2879 841 2913 pestem
853 2879 928 2915 ignes
949 2881 996 2907 Sil.
1012 2889 1056 2917 17,
1072 2890 1114 2915 93.
1162 2879 1315 2917 stantiffimi
1326 2893 1406 2920 genus
1420 2894 1450 2910 ex
1464 2884 1541 2911 nardi
1550 2884 1620 2920 solio
1635 2882 1794 2920 confeflum,
1808 2885 1872 2912 unde
1886 2893 1910 2912 et
1929 2896 2015 2913 nomen
2026 2887 2106 2914 habet.
2132 2889 2233 2913 πέταλα

52 2915 173 2943 Euadere
205 2914 270 2941 belli
305 2912 404 2948 pestem
448 2914 526 2949 Virg.
558 2915 624 2940 Aen.
660 2923 689 2940 10
703 2934 711 2947 ,
742 2923 779 2949 55.
892 2917 1038 2944 Excaecare
1069 2927 1113 2953 pe·
1126 2925 1154 2950 75
1171 2920 1236 2944 enim
1256 2919 1347 2945 Graeci
1359 2919 1431 2955 folia
1452 2927 1553 2946 vocant.
1609 2919 1731 2954 Affertur
1751 2930 1781 2946 ex
1795 2921 1890 2949 Plauto
1908 2922 1935 2948 in
1949 2923 2029 2950 Cure.
2046 2931 2065 2954 1,
2080 2933 2102 2956 2,
2115 2926 2133 2950 6
2159 2924 2231 2950 Nam

51 2951 119 2979 stem
155 2951 212 2979 Cic.
234 2959 285 2986 pro
304 2949 396 2977 Sextio
433 2969 440 2976 .
478 2969 485 2977 .
526 2969 533 2976 .
568 2949 743 2985 Exstinguere
771 2951 877 2987 pestem.
952 2953 1027 2980 Idem
1061 2963 1111 2988 pro
1172 2954 1298 2980 omnium
1312 2954 1558 2990 odoi-vnguentsun
1573 2957 1635 2990 prae
1648 2962 1696 2983 tuo
1709 2957 1803 2984 nausea
1815 2957 1866 2990 est;
1887 2964 1916 2986 tu
1930 2957 2021 2992 statSte,
2034 2966 2062 2986 tu
2071 2961 2231 2991 cinnamum,

51 2988 149 3015 Milon.
186 3008 193 3015 .
233 3007 240 3014 .
278 3006 285 3014 .
354 2985 475 3021 llligatus
505 2985 574 3021 peste
602 2986 759 3020 interimor,
786 2987 839 3014 vid.
860 2995 987 3016 1LL1G0.
1060 2991 1112 3017 Im·
1170 2994 1200 3015 tu
1215 2990 1289 3022 rosa,
1304 2995 1333 3016 tu
1349 2999 1458 3018 crocum
1476 2997 1502 3018 et
1521 2991 1587 3018 casia
1599 3001 1642 3025 es,
1657 2997 1686 3019 tu
1702 2993 1840 3027 petalium.
1897 2995 2026 3022 Petalium
2041 3002 2121 3021 autem
2139 2996 2232 3021 Latine

51 3029 158 3059 portare
194 3023 307 3058 pestem,
327 3021 381 3048 vid.
401 3028 561 3049 IMPORTO.
647 3022 747 3050 Incessit
778 3024 857 3059 pestis
886 3025 1020 3052 Columel.
1034 3034 1060 3057 9,
1076 3034 1110 3058 13-
1169 3024 1303 3052 Foliatum
1316 3028 1467 3062 appellatur.
1502 3028 1561 3055 Alii
1573 3037 1632 3056 vero
1645 3035 1670 3055 et
1687 3028 1738 3064 ¹'Pfi’
1752 3030 1828 3057 Gron.
1841 3029 1984 3057 Bdellium.

50 3059 158 3088 Inuadit
169 3059 248 3095 pestis
261 3059 291 3086 in
305 3059 391 3086 vitam
405 3058 564 3091 hominum,
583 3058 637 3086 vid.
659 3066 799 3087 INVADo.
822 3062 825 3065 '
905 3062 1001 3088 Latens
1015 3061 1112 3089 offibus
1207 3067 1497 3096 PETALVRGVS,
1517 3063 1537 3091 i.
1567 3073 1605 3090 ni.
1642 3064 1819 3094 firme-arius.
1839 3067 1856 3093 1.
1878 3076 1907 3094 10
1931 3066 1962 3093 C.
1985 3064 2018 3092 de
2041 3067 2127 3092 excus.
2155 3066 2230 3094 artif.

32 3105 40 3112 '¹
51 3096 142 3122 Valer.
156 3097 255 3130 Argon.
268 3103 294 3131 7,
308 3102 363 3128 252.
480 3095 631 3122 Machinari
646 3095 743 3130 pestem
757 3096 873 3132 aliquam
886 3097 913 3124 in
928 3107 1037 3128 omnes,
1057 3097 1112 3125 vid.
1123 3103 1156 3127 80
1170 3101 1189 3122 t.
1204 3098 1240 3131 64
1257 3096 1275 3123 l.
1290 3106 1310 3124 1.

54 3136 224 3160 uacuum.
328 3129 481 3158 Machinati
493 3130 542 3157 fibi
554 3132 686 3158 nefariam
699 3132 797 3166 pestem
823 3134 878 3161 Cic.
892 3134 925 3161 de
946 3134 1009 3161 Nat.
1029 3135 1110 3161 Deor.
1209 3132 1411 3167 ΡΕΤᾸινὸ,
1430 3134 1451 3162 i·
1475 3144 1512 3162 m.
1548 3135 1703 3172 [Πήταλσε]
1742 3139 1836 3165 Nomcn
1854 3140 1929 3164 vuius
1941 3146 1971 3164 ex
1990 3137 2044 3167 bis,
2063 3140 2107 3172 qui
2125 3140 2151 3164 iu
2171 3139 2230 3165 aula

57 3173 80 3198 g,
93 3167 135 3200 67.
249 3167 379 3196 Meditari
393 3167 490 3201 pestem
505 3167 586 3194 alicui
607 3167 684 3203 Virg.
699 3168 796 3204 Georg.
810 3178 831 3202 3,
846 3177 895 3203 133.
984 3169 1110 3197 Minitari
1170 3168 1259 3204 Cephei
1276 3180 1346 3207 regis
1367 3170 1454 3207 Perseo
1471 3175 1524 3198 vim
1543 3171 1642 3208 inferre
1659 3177 1744 3200 conati
1763 3173 1912 3201 ceciderunt.
1967 3173 2051 3200 Ouid.
2068 3174 2132 3200 Met.
2150 3181 2177 3207 ς,
2191 3181 2230 3208 115

56 3201 120 3228 Liu.
134 3210 159 3233 2,
170 3212 214 3237 49.
283 3204 359 3232 Tam
377 3202 540 3230 detestabilis
560 3203 637 3239 pestis
649 3203 724 3231 nulla
737 3205 789 3238 est,
809 3215 875 3240 quae
888 3215 943 3233 non
956 3205 1063 3233 homini
1078 3206 1111 3233 ab
1170 3205 1274 3232 Petalus
1291 3206 1423 3239 irridens,
1441 3207 1538 3242 Stygiis
1552 3217 1616 3235 carie
1630 3216 1732 3236 caetera
1745 3210 1821 3236 dixit.

55 3236 167 3265 homine
177 3239 295 3268 nascatur
322 3239 378 3266 Cic.
393 3239 446 3267 Off.
461 3248 486 3272 2,
501 3241 529 3267 16
542 3250 564 3267 c.
579 3248 602 3273 ς.
708 3242 767 3269 Hos
780 3242 857 3277 pestis
869 3242 970 3270 Necuit
989 3243 1055 3269 Enn.
1070 3249 1112 3278 ap.
1209 3247 1224 3267 P
1235 3248 1364 3270 ETAMI
1377 3249 1400 3269 N
1412 3250 1550 3277 ARIVS,
1570 3245 1590 3271 i.
1610 3254 1645 3271 m·
1683 3245 1790 3272 Firmic-
1806 3250 1829 3276 8,
1845 3252 1869 3276 ῖς
1887 3245 2001 3272 Oriente
2009 3244 2155 3280 Desphino,
2170 3245 2230 3281 qUi⁴

56 3273 137 3301 Prisc.
152 3281 168 3305 9
180 3283 204 3308 p.
216 3276 268 3303 861.
374 3276 523 3311 Oppetere‚
544 3275 599 3303 vid.
617 3281 758 3304 OPPETO.
840 3279 919 3314 Apul.
932 3279 1009 3313 Apol.
1023 3287 1048 3313 p.
1063 3281 1113 3311 306
1127 3281 1155 3307 85
1170 3285 1277 3313 cunque
1291 3285 1368 3306 natus
1382 3279 1482 3313 fuerit,
1500 3281 1610 3308 natandi
1625 3280 1711 3307 studio
1725 3280 1869 3307 tenebitur.
1926 3280 1975 3307 Sed
1990 3280 2094 3308 Saturni
2110 3281 2229 3309 testiino-

55 3311 127 3337 Cum
140 3309 186 3335 illa
197 3309 273 3344 pestis
286 3310 406 3344 (morbus
417 3313 573 3348 comitialis)
587 3313 616 3339 in
630 3318 707 3348 caput
718 3313 887 3342 redundauit.
959 3315 1017 3341 Cic.
1032 3315 1112 3341 Catil.
1170 3313 1219 3340 nio
1228 3335 1236 3346 ‚
1251 3314 1374 3343 vrinator
1387 3316 1448 3343 erit.
1470 3325 1530 3343 cum
1545 3318 1631 3344 Marte
1644 3325 1708 3343 vero
1720 3322 1746 3343 et
1761 3316 1908 3349 Mercurio,
1922 3317 2110 3350 petaminarius
2119 3338 2127 3350 ,
2140 3317 2231 3352 ephel-

54 3355 76 3377 1,
90 3354 121 3378 30
143 3345 202 3372 Hoc
216 3351 304 3371 autem
318 3354 374 3372 vno
386 3345 528 3375 interfeelo
543 3349 667 3385 intelligo
679 3348 746 3376 hanc
760 3350 837 3384 Reip.
852 3350 950 3386 pestem
968 3350 1113 3385 paullisper
1169 3356 1273 3382 mator,
1285 3352 1505 3388 orciscopalarius
1515 3373 1521 3385 ‚
1540 3352 1752 3387 petauristarius,
1771 3358 1815 3380 aut
1835 3358 1906 3379 certe
1918 3352 2007 3379 innata
2023 3353 2111 3381 cursus
2124 3354 2230 3388 agilita-

53 3381 188 3417 Reprimi.
261 3381 344 3408 Plaut.
357 3382 434 3417 Capt.
447 3392 476 3416 4,
487 3392 511 3417 3,
524 3393 536 3417 3
552 3386 658 3419 Qanta
670 3386 759 3420 pernis
773 3386 851 3421 pestis
864 3387 961 3414 Veniet
975 3387 983 3412 ἓ
1013 3392 1112 3422 quanta
1170 3390 1197 3412 te
1219 3388 1380 3423 perspicuus.
1437 3388 1573 3421 Athletae,
1587 3388 1771 3423 petaminarii‚
1789 3388 1951 3423 pantomimi
1970 3388 2084 3417 Saluiam.
2104 3390 2136 3416 de
2156 3390 2229 3417 Gub.

53 3417 127 3445 labes
140 3416 226 3444 larido
240 3417 250 3444 3
321 3418 446 3451 Ponitur,
456 3424 486 3445 vt
497 3420 623 3454 vidimus,
635 3422 732 3456 Pestis,
746 3429 797 3459 pro
810 3424 895 3451 Exitio
906 3425 994 3461 quouis
1007 3429 1031 3450 et
1037 3424 1111 3452 maso.
1171 3422 1224 3450 Dei
1238 3425 1254 3450 6
1272 3433 1297 3459 p.
1314 3433 1367 3453 122.
1404 3423 1447 3459 Est
1464 3432 1544 3452 autem
1560 3424 1767 3457 petaminarius‚
1788 3425 1840 3459 Qu*
1851 3423 1960 3457 strenua
1979 3428 2092 3488 corporis
2110 3428 2229 3462 agilitate

47 3455 95 3488 §ic
112 3454 218 3483 Lucret.
231 3462 256 3487 3,
268 3457 316 3486 348
1123 3462 1158 3488 90
1164 3458 1269 3496 saltwi-
1287 3462 1372 3488 volare
1391 3461 1510 3493 videtur,
1524 3470 1540 3486 a
1552 3460 1626 3488 verbo
1643 3462 1756 3493 πέταμαι
1766 3480 1773 3492 ,
1787 3460 1851 3495 quod
1869 3459 1902 3494 ist
1921 3462 1985 3488 volo.
2006 3464 2027 3495 ej
2054 3465 2118 3488 enlm
2132 3463 2229 3489 Graeca

2 3494 5 3535 ἰ
254 3489 293 3515 Ex
305 3488 414 3516 ineunte
427 3498 494 3517 aeuo
507 3490 542 3518 fic
553 3494 689 3529 eorporis,
709 3500 789 3530 atque
802 3494 904 3523 anima'i'
1171 3497 1243 3532 origo
1253 3516 1261 3528 ‚
1273 3496 1323 3533 sed
1333 3497 1463 3533 formatio
1478 3498 1580 3524 Latina.
1616 3496 1788 3531 Ephelinator
1806 3505 1891 3522 nomen
1906 3497 1993 3524 habere
2011 3504 2116 3533 putatur
2128 3507 2144 3524 a
2157 3499 2229 3525 tabu.

253 3525 349 3565 Mutua
361 3525 456 3552 vitales
474 3525 579 3553 discunt
591 3531 712 3565 contagia
724 3538 828 3564 motus,
845 3538 892 3559 etc.
1170 3531 1205 3558 tis
1213 3551 1221 3564 ,
1229 3540 1290 3568 quae
1304 3533 1423 3560 dicuntur
1435 3531 1647 3568 &uictumuias
1659 3531 1846 3568 adfiltandum
1854 3533 1980 3566 utebatur,
1987 3540 2016 3559 vt
2023 3541 2045 3560 et
2053 3534 2229 3566 Petauristae;

253 3560 394 3588 Diffidium
406 3567 436 3588 vt
448 3567 562 3597 nequeat
574 3562 634 3592 fieri
645 3566 699 3593 fine
712 3567 800 3602 peste,
819 3568 955 3603 maloque.
1169 3576 1228 3594 nam
1247 3570 1276 3595 in
1294 3569 1388 3596 tabulis
1408 3565 1478 3595 iabiu
1495 3571 1609 3604 corporis
1620 3568 1722 3604 fiiltuns
1741 3569 1866 3595 leuitatem
1879 3576 1902 3595 et
1917 3570 2059 3605 agilitatem
2079 3568 2227 3603 ostendebat.

51 3598 106 3627 Pro
135 3600 240 3625 venenis
273 3597 332 3625 Seri.
364 3596 438 3626 Med.
467 3607 497 3626 v.
526 3600 572 3629 681
604 3606 628 3627 et
657 3609 716 3637 720.
787 3605 838 3632 Pro
856 3610 934 3632 morte
955 3601 1011 3639 ipsi:
1028 3602 1113 3630 Plaut.
1171 3603 1220 3631 Sed
1231 3605 1264 3632 al.
1282 3605 1454 3640 Ephalmator
1470 3613 1494 3630 v.
1509 3613 1535 3629 υ.
1587 3604 1812 3644 Orciscopalarius
1833 3607 1876 3640 qui
1893 3605 2010 3636 dicatur,
2027 3615 2080 3632 cuni
2101 3606 2228 3641 obscurum

52 3634 129 3668 Capt.
142 3643 165 3667 3,
181 3643 202 3667 3,
218 3642 249 3661 11.
1124 3650 1154 3677 95
1161 3638 1216 3673 fit,
1234 3645 1373 3668 coniiciunt
1390 3638 1642 3673 orchestopalarius,
1656 3650 1671 3665 α
1683 3642 1822 3676 Jaltatione
1841 3647 1864 3666 ct
1876 3639 1962 3673 Ιιιὲἳα,
1981 3639 2103 3677 ὅρχηςὴς,
2111 3641 2228 3678 saltandi

93 3675 111 3695 P
121 3676 138 3696 Ε
148 3677 161 3696 S
170 3676 209 3696 TI
219 3676 235 3696 L
245 3675 263 3696 Ε
274 3675 297 3695 N
306 3675 327 3696 T
337 3675 346 3694 1
357 3675 396 3709 Ag
416 3676 456 3708 {¹2-
467 3703 474 3709 ,
497 3668 517 3695 f·
553 3670 677 3710 [aumas]
713 3674 790 3702 Idem.
827 3675 897 3703 Plin.
913 3683 940 3710 7,
953 3682 986 3708 50
1006 3675 1067 3707 Qua
1080 3673 1109 3700 in
1169 3675 1298 3713 magister.
1322 3675 1447 3713 ἆρχηςηκή
1456 3695 1463 3707 ,
1489 3685 1534 3701 ars
1547 3675 1673 3712 Jiiltandi'.
1694 3675 1781 3709 πάλη,
1803 3674 1881 3703 lusia.
1927 3677 1976 3704 Sed
1993 3677 2046 3705 vid.
2073 3683 2093 3704 O
2104 3684 2122 3704 R
2132 3683 2150 3704 C
2162 3683 2183 3704 Η
2195 3682 2227 3704 E-

53 3713 86 3733 re
100 3704 271 3733 obseruatum
283 3704 312 3732 in
328 3703 488 3732 Meridianis
502 3705 622 3739 pai-tibus
630 3726 639 3739 ,
657 3706 691 3733 ad
703 3710 830 3739 occasum
848 3712 911 3739 solis
932 3709 1110 3746 pestilentiam
1167 3718 1180 3739 s
1190 3718 1212 3739 Τ
1223 3718 1243 3738 R
1254 3720 1274 3741 o
1283 3720 1299 3740 Ρ
1307 3719 1327 3739 0
1337 3719 1353 3739 1.
1362 3720 1384 3739 A
1396 3718 1413 3738 R
1424 3718 1432 3737 1
1443 3718 1463 3737 V
1473 3718 1496 3737 S-

54 3741 158 3774 semper
169 3741 218 3769 ire.
232 3761 238 3764 -
311 3741 384 3768 Caes.
401 3740 466 3768 Bell.
479 3741 541 3767 Ciu.
555 3749 581 3773 2,
596 3750 630 3768 22
665 3743 749 3772 Graui
762 3747 844 3774 etiam
856 3745 1005 3782 pestilentia
1017 3746 1110 3773 confli-
1205 3755 1221 3775 Ρ
1230 3755 1247 3775 E
1257 3755 1280 3776 'r
1290 3756 1313 3776 A
1323 3755 1337 3775 s
1348 3756 1356 3774 1
1367 3755 1402 3779 O,
1423 3754 1447 3774 et
1467 3753 1506 3773 PE
1517 3752 1539 3771 Τ
1548 3753 1570 3773 Α
1579 3752 1592 3773 S
1603 3751 1622 3772 Ο
1633 3766 1642 3780 ,
1664 3748 1732 3774 onis.
1754 3757 1790 3773 m.
1828 3749 1883 3774 Aut
1901 3748 1983 3775 eadem
1998 3750 2074 3785 plane
2087 3758 2141 3781 res,
2164 3755 2225 3783 quae

54 3775 128 3803 &ati—
243 3777 301 3805 Cic·
314 3777 346 3804 de
360 3777 454 3804 Diuin·
471 3786 490 3809 Ι,
504 3785 543 3809 131
562 3778 598 3804 Vt
611 3777 758 3808 hostiarum
779 3782 979 3811 immolatarum
999 3781 1110 3817 inspice·
1168 3783 1251 3811 Perna
1266 3794 1291 3811 υ.
1307 3793 1332 3810 v.
1351 3790 1397 3810 aut
1412 3790 1503 3818 parum
1523 3781 1631 3818 diuerfir.
1688 3785 1771 3811 Varr..
1782 3783 1814 3809 de
1827 3783 1857 3810 R.
1872 3784 1904 3811 R.
1922 3795 1943 3817 ε,
1957 3793 1976 3818 4
2005 3786 2174 3820 Optimaruin
2194 3782 2225 3807 si·

52 3818 148 3840 rentur
165 3817 225 3840 exta
239 3824 245 3840 :
280 3822 397 3849 quorum
410 3822 443 3839 ex
463 3812 558 3839 habitu
583 3819 664 3847 atque
692 3823 725 3842 ex
741 3816 832 3846 colore
855 3828 915 3848 cum
936 3817 1267 3854 salubritatis‚100giium‚
1287 3819 1360 3854 quod
1375 3818 1456 3845 etiam
1475 3827 1544 3844 nune
1557 3820 1702 3853 quotannis
1716 3829 1731 3846 e
1744 3819 1832 3846 Gallia
1852 3826 2028 3855 apportantur
2042 3821 2151 3847 Romani
2166 3826 2223 3851 per-

53 3853 111 3877 tum
127 3847 291 3882 Pestilentiae
304 3849 374 3884 figna
388 3848 504 3884 percipi,
521 3857 714 3885 nonnunquam
728 3852 806 3879 etiam
837 3864 887 3883 uae
899 3855 930 3882 fit
948 3853 992 3881 vel
1013 3852 1109 3881 sterili-
1168 3864 1217 3883 nae
1236 3855 1399 3885 tomacinae,
1418 3860 1444 3880 et
1460 3854 1594 3887 taniacae,
1610 3861 1636 3881 et
1654 3855 1807 3890 pensiones.
1882 3856 1999 3883 Martial.
2017 3865 2051 3888 13,
2067 3864 2093 3886 5³
2109 3852 2156 3889 Jiab
2177 3853 2224 3892 boc]

52 3889 94 3912 ras
104 3891 248 3919 agrorum,
264 3885 308 3912 vel
322 3886 449 3914 fertilitas
463 3885 562 3912 futura.
649 3887 810 3916 Animorum
838 3890 900 3918 abes
919 3896 946 3917 et
960 3889 1110 3926 pestilentia
1168 3892 1296 3923 lemmate,
1324 3890 1441 3917 Musteus
1459 3889 1510 3922 est,
1531 3899 1661 3925 propera,
1675 3899 1749 3918 caros
1769 3900 1802 3918 ne
1822 3891 1902 3918 differ
1920 3894 2034 3919 amicos:
2066 3890 2134 3916 Nam
2154 3888 2224 3915 mihi

52 3919 126 3947 Gell.
141 3927 163 3952 1,
177 3927 199 3951 3·
303 3922 395 3949 Annus
408 3922 518 3949 infamis
533 3920 696 3956 pestilentia,
716 3923 768 3949 vid.
791 3931 939 3954 INFAMIS.
1018 3924 1110 3952 Eluui-
1168 3936 1229 3955 cum
1242 3926 1334 3954 vetulo
1346 3926 1377 3952 fit
1392 3925 1514 3960 petasone
1528 3925 1607 3954 nihil.
2156 3959 2161 3963 ,

52 3956 130 3988 onis,
149 3954 328 3990 pestilentiae,
344 3958 473 3986 vastitatis
486 3959 577 3984 causae
603 3957 660 3984 Cic.
673 3957 727 3985 Off.
740 3968 764 3991 2,
776 3961 814 3987 16.
917 3962 1012 3990 Vastus
1029 3967 1110 3996 atque
1209 3971 1225 3990 P
1235 3970 1251 3990 Ε
1262 3970 1313 3990 ΤΑ
1322 3970 1334 3989 s
1345 3970 1365 3989 v
1376 3968 1395 3985 Ν
1407 3968 1424 3987 c
1433 3961 1454 3987 x?
1465 3969 1480 3987 1,
1490 3969 1511 3989 v
1521 3969 1534 3988 s
1543 3981 1551 3994 ,
1573 3962 1591 3989 i.
1614 3970 1650 3988 m.
1688 3961 1791 3991 Dimin.
1827 3964 1922 3991 quen.
1946 3963 1996 3989 Sat.
2018 3968 2044 3995 7,
2064 3967 2107 3991 1¹9
2136 3959 2224 3985 Sltffl‘

51 3991 169 4022 desertus
182 3996 293 4027 propter
304 3992 482 4028 pestilentiam
492 4002 565 4031 ager,
583 3999 610 4021 et
623 3999 734 4030 propter
747 3994 912 4028 sterilitatem
923 3998 1038 4031 incultus
1052 3997 1109 4025 Cic.
1119 4009 1163 4035 ¹05
1169 3998 1352 4036 petasunculus
1358 4017 1380 4069 ‚⁵
1387 4003 1418 4062 εἰ,
1427 4005 1478 4061 va}
1506 3997 1681 4027 Pelamidum.
2072 4026 2222 4062 PETESVS,
