2517 4231
0 3702 9 3709 ·
22 3709 25 3732 ζ
73 3688 215 3724 prudentia
229 3689 281 3715 lita.

24 3787 25 3798 ¹
74 3760 166 3788 Partit.
179 3768 212 3791 ¹8.

24 3840 26 3854 ¹
74 3832 167 3862 cuius,
186 3832 240 3858 vid.
259 3839 434 3860 IMPERTIO.

85 210 162 248 1153
479 196 621 239 PR
703 197 741 239 Ο

80 286 201 314 interdiu
214 287 245 314 lit
258 286 367 315 fadtum.
403 288 495 322 Itaque
505 287 567 315 Ioui
581 287 681 323 fulguri
696 293 723 314 et
736 287 881 314 Summano
893 282 940 317 fit,
959 283 1033 319 quod
1049 282 1145 312 diurna

81 323 173 355 Iouis,
193 323 324 350 noelurna
344 323 480 350 Summani
498 324 603 358 fulgura
612 323 752 350 habentur.
772 319 838 348 Fest.

116 365 220 386 PROV
232 364 263 385 T.
301 357 368 385 Adu.
404 359 506 394 [aiere]
542 361 560 386 i.
582 361 668 392 Sicut,
686 359 730 394 (vel
748 364 793 382 ve:
816 363 860 381 am
879 356 944 390 quod
959 357 1034 390 vulgo
1056 356 1144 381 dicunt

82 393 230 421 Secundum
250 394 332 428 quod.
405 395 488 422 Plaut.
510 394 602 422 Bacch.
623 403 651 429 4,
663 402 689 428 9,
703 401 716 425 ς
732 392 796 420 Non
805 391 907 418 Pelides
922 398 1060 418 tormento
1080 390 1143 423 fuit,

80 436 162 464 prout
174 438 224 464 ego
237 429 332 457 herum
344 430 502 465 expugnabo
518 439 617 458 meum.
689 428 772 455 Prout
786 428 838 462 ipse
852 428 956 454 amabat
970 427 1059 453 literas
1072 426 1143 460 Nep.

81 472 121 497 25¹,
135 474 153 497 i,
169 474 190 492 2.
258 466 328 493 Hor.
341 466 423 493 Serui.
437 476 458 499 2,
473 468 498 500 6,
513 470 543 498 67
580 480 626 487 -—
660 472 794 498 venasque
809 472 932 499 procaces
958 462 1035 489 Pareo
1053 461 1143 489 libatis

81 499 192 535 dapibus
207 508 287 534 prout
301 502 398 535 cuique
414 501 500 529 libido
513 501 558 529 est.
596 503 621 528 b.
634 508 655 526 e.
679 501 710 525 Vt
723 502 809 535 cuique
827 500 903 526 libido
924 498 965 534 esi.
1041 499 1079 523 ἂν
1099 505 1146 532 quo

79 543 185 571 apparet
197 546 265 570 oum,
286 541 360 564 mem
376 537 446 572 musa
462 539 543 565 Prout
555 535 646 570 dlxiffi
657 542 701 570 pro
720 538 758 562 Vt.
831 534 966 569 Qiinffii.
980 543 1008 567 4,
1029 542 1039 560 ι
1063 534 1145 560 Prout

80 572 182 606 asperi,
201 571 288 606 leues,
309 573 439 606 iucundi,
459 582 509 601 etc.
575 571 631 598 Cic.
647 573 698 598 Att.
713 581 743 603 ii,
757 573 772 597 6
792 571 871 599 Tuas
887 571 986 602 literas,
1007 575 1088 604 prout
1102 575 1144 594 res

80 607 210 642 postulat,
230 609 362 644 exspeGio.
438 611 519 637 Prout
531 606 706 634 Thermitani
722 607 843 634 hominis
864 606 1000 634 facultates
1020 603 1144 631 serebant

81 643 137 672 cic.
155 645 232 672 Verr.
244 653 268 676 2,
281 651 308 678 83
329 655 350 672 c.
365 653 406 678 34.
445 647 525 672 Prout
538 641 632 670 haberi
649 643 758 679 liceret,
775 643 793 670 si
813 652 886 670 aurio
904 641 1042 676 superiore
1057 641 1145 680 Qiae·

80 678 135 705 stor
149 679 238 707 fuisset
256 680 331 708 Idem
344 681 459 716 Philipp.
474 690 491 712 ι,
504 680 545 710 46.
618 679 677 706 Liu.
691 690 717 714 9,
731 688 762 713 43
780 679 888 713 Raptim
903 678 1014 705 collatae
1028 677 1144 703 sarcinae

81 714 110 741 in
131 716 267 750 medium,
287 723 313 743 et
327 724 406 752 prout
417 721 519 750 tempus
534 714 699 750 patiebatur,
721 715 847 742 instruGta
859 714 937 741 acies.
1011 711 1145 747 Qiinc‘til.

76 758 108 784 -99
122 762 135 782 4
154 752 267 780 Perinde
282 753 427 788 asperiores
440 757 534 783 erunt,
555 758 635 785 prout
648 752 703 778 oris
717 751 790 778 hiatu
804 749 884 777 limili
901 755 946 777 aut
964 749 1071 775 diuerso
1085 756 1147 783 pro-

79 787 285 816 nuntiabuntur.
358 787 424 814 Ptin.
438 794 475 819 28,
491 796 506 813 2.
523 788 560 813 Ac
579 793 659 821 prout
677 795 798 822 quaeque
817 792 921 820 accepta
942 786 1018 818 sunt,
1047 784 1083 811 ita
1103 792 1147 810 va-

79 822 144 849 lere.
218 824 300 851 Prout
313 831 370 850 mea
388 823 486 857 opinio
500 822 536 849 est
550 822 627 857 Apul.
643 822 714 850 Flor.
729 831 755 857 p.
767 824 823 856 364.
897 823 979 848 Prout
1000 829 1041 847 res
1060 819 1148 855 postu-

80 857 116 920 ἐξ(
135 859 304 888 Scribon.22.
324 876 334 881 -
353 876 361 881 -
375 859 550 893 postulauerit
560 866 616 886 100.
690 859 773 886 Prout
793 857 922 892 cuiusque
940 856 1014 883 vires
1026 855 1147 891 postula-

99 900 147 921 unt
167 904 212 922 ι2ι.

91 936 359 966 ,PROVVLGO‚
377 935 432 957 ire.

78 966 224 1001 praeconio
237 966 369 1002 publicari
388 967 464 1002 Apul.
479 966 554 1001 Apol.
568 976 592 1000 p.
608 967 664 999 32⁶·

79 1012 106 1035 4,
118 1011 140 1028 ei
154 1009 179 1028 et
193 1002 226 1029 de
241 1003 321 1029 Cultu
337 1003 409 1029 Pem.
425 1012 444 1033 ι,
457 1011 479 1030 2.
517 1002 609 1029 Sidou.
632 1002 678 1036 Ep.
698 1010 723 1034 ι),
739 1011 769 1027 ιι.

478 929 637 965 Prouulgari
660 938 703 956 eas
723 928 829 963 literas,
856 934 884 955 et
910 926 1073 963 potissimum
1097 925 1148 954 filii

86 1062 91 1066 .
115 1044 132 1064 P
142 1043 162 1064 R
174 1044 224 1066 ov
235 1045 255 1064 v
268 1046 275 1064 ι
291 1045 313 1066 G
322 1046 344 1066 A
353 1044 375 1064 'r
388 1044 408 1064 ν
420 1045 434 1066 s
443 1059 452 1072 ,
470 1047 494 1072 a,
513 1047 570 1066 uui.
586 1038 655 1064 Part.
671 1036 780 1064 Duabus
789 1034 1025 1064 coniurationibus
1040 1034 1151 1069 prouul-

79 1074 146 1109 gatis
165 1074 233 1100 Suet.
247 1074 352 1102 Neron.
374 1083 396 1101 c.
411 1077 450 1107 36.

117 1116 132 1136 P
143 1116 234 1141 Rox,
256 1110 422 1136 Exclamandi
432 1109 578 1145 particula,
596 1106 666 1143 quali
690 1107 777 1135 Proba
791 1115 859 1135 vox:
891 1108 965 1134 Boua
985 1115 1056 1140 vox,
1076 1105 1151 1133 velut

77 1145 189 1180 quidam
204 1152 311 1187 putant,
330 1145 475 1180 significare
491 1145 611 1178 videtur,
629 1151 658 1171 vt
672 1145 709 1171 ait
724 1144 814 1171 Labeo
830 1143 862 1169 de
876 1144 936 1170 iure
958 1143 1149 1183 Pontificio'li-
1163 1154 1194 1181 23
1208 1145 1298 1180 guerit
1316 1145 1389 1178 niue,
1409 1145 1542 1184 pruinaue
1557 1145 1708 1180 longinquo
1729 1145 1793 1172 solis
1814 1145 1936 1173 abscessu.

79 1180 289 1208 brovndccimo.
313 1181 409 1209 Fenus.
483 1181 566 1208 Plaut.
582 1180 670 1208 Pseud.
687 1190 714 1214 5,
728 1188 749 1214 1,
764 1189 790 1213 33
811 1179 898 1207 Prox!
926 1180 980 1207 iam
1004 1187 1087 1214 paene
1107 1188 1148 1205 in-

81 1218 192 1252 quinaui
206 1218 324 1253 pallium.
361 1219 407 1244 Al.
427 1217 487 1244 Pax.
509 1218 512 1219 ⁷

117 1260 132 1280 P
142 1259 159 1280 R
169 1260 190 1281 o
198 1260 217 1281 x
228 1260 246 1281 Ε
259 1260 280 1280 N
295 1255 312 1280 ᾗ
320 1259 342 1280 T
350 1261 371 1280 Α
381 1275 388 1286 ,
412 1262 450 1280 ae.
471 1262 507 1280 m.
542 1252 717 1286 [προξενηι-ὴς]
762 1252 927 1279 Proxenctae
961 1250 1065 1286 (inquit
1099 1250 1149 1277 Bu·

76 1289 174 1324 dacus)
205 1290 266 1324 sunt
278 1291 456 1316 Consiliator&
471 1296 496 1315 et
508 1290 685 1314 interuentures
694 1307 703 1321 ,
727 1289 843 1323 quasique
867 1287 1082 1322 conglutinamur
1107 1287 1149 1312 bo-

80 1325 174 1350 minum
188 1326 294 1361 [merse
307 1325 487 1361 stipulandum
510 1331 534 1350 et
553 1323 747 1360 spondentium,
775 1331 819 1350 aut
844 1323 954 1358 quemuis
983 1321 1146 1355 contrarium,
1159 1334 1191 1360 30
1206 1324 1278 1352 lities
1299 1324 1372 1351 roris
1389 1324 1529 1351 matutinis
1543 1324 1694 1359 frigoribus
1716 1323 1845 1351 incanuit,

75 1368 266 1396 epm-remumque
278 1370 424 1387 mmmmm.
498 1359 616 1387 Martial.
632 1369 672 1392 io,
684 1369 696 1392 3
717 1360 793 1394 Qae
809 1358 967 1395 sulphurato
982 1358 1053 1385 nolit
1073 1363 1145 1384 emta

75 1402 200 1423 ramento
221 1396 395 1424 Vatiniorum
409 1401 554 1432 proxeneta
568 1395 730 1423 stadiorum.
823 1396 900 1430 Conf.
920 1395 982 1421 Sen.
1003 1393 1084 1429 Epist.
1098 1402 1145 1427 ¹¹9·

76 1432 137 1458 Eius
152 1432 377 1468 ..fficiumsanllum
392 1433 507 1459 Romanis
525 1433 646 1467 Regibus,
666 1431 723 1468 uste
742 1431 832 1459 Barth.
855 1434 891 1458 ad
919 1440 928 1458 t
951 1429 1062 1458 .Theb.
1083 1430 1147 1457 Stat.

77 1475 104 1503 p.
119 1473 172 1502 387.
215 1469 270 1496 Vid.
292 1469 353 1504 le.
368 1468 384 1495 l.
398 1478 410 1495 2
430 1467 458 1495 ff.
472 1468 505 1494 de
512 1474 651 1503 proxenet.

113 1510 129 1530 P
139 1510 157 1530 R
168 1509 189 1531 0
200 1510 219 1531 Χ
229 1510 247 1531 E
258 1511 281 1533 N
289 1511 306 1531 E
316 1511 338 1531 T
350 1511 369 1532 R
381 1512 391 1532 1
403 1511 426 1532 A
435 1524 445 1538 ,
463 1512 503 1531 ae.
523 1505 545 1533 f.
581 1504 715 1540 Pronuba,
735 1503 879 1539 nuptiarum
893 1501 1068 1530 conciliatrix.
1088 1500 1149 1538 Dis·
1166 1514 1193 1541 35·
1207 1504 1255 1532 ler.
1273 1506 1372 1545 Argon.
1386 1513 1410 1538 2,
1425 1514 1472 1538 ¹77-

73 1540 159 1604 ?nifiz'
165 1550 274 1604 (i'xz'N
284 1577 304 1604 F:
312 1582 334 1602 T
343 1573 357 1604 ἴ
367 1581 384 1604 C
399 1583 419 1602 v
430 1582 474 1609 M,
495 1575 514 1604 i.
535 1584 563 1603 n.
602 1577 710 1608 Merces,
723 1583 791 1611 quae
805 1583 854 1610 pro
866 1583 964 1609 opera,
990 1572 1147 1609 proxenetis

75 1609 169 1645 datur,
189 1621 256 1647 quae
282 1618 308 1639 et
332 1612 408 1639 licito
427 1612 487 1640 iure
506 1612 561 1648 peti
582 1612 675 1648 potest.

112 1653 165 1674 net·
366 1660 369 1671 i

77 1654 158 1711 xePR
170 1688 191 1710 o
202 1689 274 1711 xim
286 1689 349 1719 vs,
369 1690 604 1720 rizoxmATvs,
630 1691 676 1711 etc.
718 1683 774 1711 vicl.
797 1688 913 1712 PROPE-

491 1747 514 1779 P
589 1747 618 1779 R
691 1746 722 1778 V

82 1818 87 1822 ,
115 1797 322 1828 PRVDENS‚
342 1794 421 1821 entis.
459 1792 520 1822 Adi.
558 1791 701 1828 [vebupob
721 1792 854 1827 φρενήρης]
883 1790 969 1826 Qafi
979 1789 1143 1817 Prouidens:

75 1827 202 1854 interdum
217 1829 336 1866 Sapiens',
356 1838 403 1856 aut
416 1830 502 1856 Sciens
514 1830 617 1856 dicitur.
695 1829 763 1854 Vnde
773 1827 990 1864 Iurisprudentes
1010 1830 1144 1852 vocantur,

74 1864 121 1899 qui
131 1865 170 1890 ius
177 1864 271 1899 sciunt.
679 1896 684 1900 ι

74 1898 139 1933 quid
153 1899 240 1926 sentit.
316 1902 372 1927 Vid.
392 1900 465 1932 infr-a
479 1898 597 1924 Prudens
612 1903 637 1922 et
652 1897 743 1923 sciens.

72 1933 139 1962 Plus.
147 1934 261 1961 insciens
274 1934 353 1967 fecit,
373 1942 452 1969 quam
467 1933 583 1968 prudens
603 1932 678 1959 boni.
735 1931 853 1958 Prudens
867 1931 1029 1958 declinatum
1041 1930 1075 1956 ab
1084 1938 1141 1970 arii-

72 1977 128 1997 mo.
202 1969 310 1997 Dicitur
323 1970 397 1998 euim
411 1978 426 1996 a
437 1968 597 2001 Prudentia,
617 1968 749 1995 Prudens:
769 1973 799 1994 vt
811 1967 844 1994 ab
858 1967 986 2002 Ingenio,
1013 1967 1142 2005 Ingenio-

74 2006 117 2033 sus
130 2005 218 2032 ‹Vax-r.
231 2004 264 2031 de
278 2006 307 2031 1..
322 2006 352 2031 L.
365 2015 389 2037 7,
400 2014 423 2035 ς.
497 2005 605 2032 Omitto
618 2004 752 2039 prudens,
772 2004 791 2030 i.
809 2004 911 2033 Sciens,
930 2010 954 2027 at
970 2004 1001 2027 de
1014 2000 1143 2036 industria

40 2062 45 2067 ,
74 2041 144 2068 Plin.
159 2049 187 2069 ιο
211 2048 250 2072 ²9-

77 2075 128 2102 1qu
139 2060 252 2108 marino,
272 2074 383 2101 Euouiit
396 2075 431 2101 fel
448 2075 524 2100 fuum
538 2073 570 2100 ad
587 2074 670 2100 inulta
686 2073 880 2100 medicamenta
898 2073 980 2102 vtile3
999 2073 1064 2098 item
1083 2080 1143 2098 coa-

75 2111 170 2146 gulum
183 2109 216 2138 ad
230 2111 380 2138 comitiales
400 2109 530 2145 morbos,
548 2109 598 2136 *ob
612 2118 643 2137 ea
660 2110 685 2136 se
705 2109 759 2144 peti
781 2108 908 2144 prudens.
982 2108 1101 2135 Prudens
1118 2112 1144 2134 et

76 2147 174 2174 sciens:
211 2146 283 2174 Ter.
309 2148 376 2174 Eun.
402 2156 422 2180 i,
444 2156 470 2180 ι,
492 2156 519 2180 27
546 2147 577 2174 Et
590 2145 722 2181 prudeus,
746 2145 830 2172 sciens
840 2166 849 2178 ‚
876 2145 956 2174 vinus
966 2165 974 2178 ‚
995 2143 1145 2178 vidensque

817 1896 901 1923 Plaut.
919 1897 995 1931 Capt.
1016 1895 1085 1931 prol.
1106 1903 1141 1935 45

76 2191 169 2218 pere0.
241 2182 374 2215 Prudens,
389 2183 473 2217 inquit
485 2182 585 2209 Donat.
603 2181 658 2215 est,
684 2180 740 2215 Qii
767 2180 945 2216 intelligentia
970 2181 1014 2207 sua
1039 2178 1143 2215 aliquid

74 2219 163 2251 sentit.
233 2219 338 2251 Sciens,
358 2219 406 2254 qui
426 2218 539 2246 alicuius
553 2217 657 2245 iudicio
671 2226 727 2244 reni
743 2217 888 2252 cognoscit.

75 2253 140 2285 dens
151 2262 200 2289 per
211 2254 276 2282 sese:
296 2255 383 2282 Sciens
397 2263 445 2289 per
456 2254 534 2282 alios.
606 2254 663 2281 Cic.
680 2254 751 2280 Fam.
765 2256 800 2287 6,
818 2255 835 2280 6
861 2254 897 2280 Vt
914 2253 944 2281 in
964 2252 1062 2279 fabulis
1082 2252 1144 2278 Am-

75 2289 218 2326 phiaraus,
237 2290 271 2318 fic
284 2300 334 2326 ego
347 2290 463 2326 prudens
478 2297 504 2317 et
516 2290 598 2318 sciens
611 2290 643 2316 ad
657 2289 756 2324 pestem
768 2295 828 2316 ante
841 2289 933 2317 oculos
952 2288 1063 2324 positam
1087 2288 1144 2315 sum

73 2326 221 2362 profeaus.
292 2327 410 2354 Prudens
424 2332 450 2353 et
465 2327 546 2353 sciens
561 2326 594 2353 ad
613 2326 753 2352 interitum
767 2325 879 2353 ruebam
901 2326 976 2353 Idem
996 2333 1046 2360 pro
1071 2325 1143 2351 Mai·-

74 2362 123 2390 cel.
139 2372 173 2395 ¹4·
245 2363 302 2396 Qii
314 2371 357 2390 me
371 2362 504 2390 malebant
516 2363 633 2389 nimium
647 2362 772 2389 timidum
782 2383 790 2395 ‚
811 2370 892 2396 quam
909 2362 969 2389 satis
981 2361 1143 2396 prudentem

72 2398 221 2428 existimari
242 2399 315 2427 Idem
328 2399 400 2426 Fam.
408 2407 436 2432 4,
451 2408 484 2431 ¹4-

74 2443 96 2461 e.
113 2443 145 2462 ις.
213 2434 319 2462 Gnarus
332 2441 358 2462 et
373 2435 491 2470 prudens
510 2432 726 2469 impendentium
749 2434 884 2462 malorum
903 2433 977 2460 Idem
1000 2442 1051 2468 pro
1071 2433 1142 2460 Sext.

73 2471 111 2498 ¹6.
154 2471 227 2497 Vetus
243 2473 318 2498 codex
330 2472 418 2505 babet,
439 2471 451 2498 1
470 2479 549 2498 uariis
561 2476 587 2497 et
600 2470 766 2505 imprudens.
839 2470 912 2497 Idem
921 2478 971 2505 pro
983 2469 1091 2496 Cluent.
1099 2477 1144 2502 107

72 2516 94 2533 e.
108 2512 135 2538 38
157 2507 226 2540 Qiis
242 2508 269 2535 P.
284 2506 402 2536 Odiauio
417 2507 452 2534 Ba
466 2505 502 2533 bo
521 2506 632 2541 ingenio
652 2505 830 2541 prudentior?
859 2506 919 2532 iure
943 2505 1077 2540 peritior?
1101 2504 1143 2532 Id.

62 2543 105 2572 ,ἃς
118 2542 226 2569 Amicit.
239 2551 271 2575 50
289 2543 320 2569 L.
336 2543 435 2570 Acilius
447 2542 512 2578 quia
526 2542 641 2578 prudens
657 2542 705 2569 effe
719 2542 748 2568 in
762 2541 822 2568 iure
836 2542 922 2568 Ciuili
935 2540 1084 2576 putabatur.
1103 2540 1143 2568 Id.

73 2577 106 2609 de
119 2579 178 2605 Pin.
194 2588 218 2612 ς,
233 2583 261 2609 58
282 2579 388 2604 Deinde
402 2579 529 2613 Rerump.
544 2577 756 2611 administratio,
776 2582 821 2604 aut
836 2577 1052 2610 administrandi,
1059 2576 1142 2603 scien-
1153 2586 1186 2618 65·
1202 2587 1304 2614 pruna,
1322 2580 1378 2606 vid.
1405 2580 1562 2614 Onychiuus
1573 2581 1601 2605 in
1617 2586 1724 2607 οΝΥΧ.

72 2615 155 2650 dique
167 2614 298 2649 prudens,
318 2620 482 2648 temperata,
503 2615 600 2647 fortis,
627 2619 653 2641 et
672 2613 737 2641 iusta
756 2614 836 2640 ratio.
909 2613 1061 2640 Admodum
1082 2621 1142 2647 pru-

73 2649 136 2677 dens
150 2650 225 2677 Ideni
237 2650 270 2676 de
282 2648 352 2676 Clar.
367 2650 442 2676 Orat.
456 2658 511 2682 239.
585 2650 718 2677 Adulandi
740 2658 803 2684 gens
829 2648 1028 2684 prudentiffima
1047 2650 1141 2676 quen.

73 2685 126 2713 Sat.
139 2693 162 2716 3,
170 2686 214 2714 86.
226 2701 229 2708 s
286 2684 493 2718 Agricolationis
508 2683 622 2719 prudeus
636 2686 680 2712 vir
695 2685 829 2713 Columel.
844 2693 870 2716 2,
883 2695 905 2713 2.
979 2685 1053 2712 Artis
1066 2683 1141 2711 desti-

74 2726 139 2748 tuor
150 2718 266 2754 prudens
279 2719 312 2745 ab
327 2726 382 2746 arte
394 2728 451 2746 mea
468 2720 550 2747 Ouid.
564 2721 644 2755 Epist.
657 2730 680 2754 5,
696 2730 746 2751 150.
832 2721 897 2749 Doli
915 2721 1006 2749 Tacit.
1029 2720 1099 2748 Hist.
1118 2729 1142 2755 2,

76 2763 108 2789 »ς
136 2764 155 2782 ι.
227 2755 298 2782 Iuris
310 2755 440 2781 mouendi
457 2756 572 2789 prudens
586 2757 680 2783 Claud.
695 2757 725 2783 in
740 2757 850 2791 Eutrop.
870 2767 893 2790 2,
915 2767 966 2790 347.
1001 2758 1140 2784 Locorum
1150 2763 1187 2792 70
1200 2759 1333 2788 riunt31n
1347 2770 1463 2795 pugnam
1477 2769 1585 2794 prurire
1599 2760 1714 2788 Martial.
1727 2769 1749 2792 3,
1763 2764 1800 2789 58-
1819 2766 1842 2783 et
1864 2767 1891 2788 ς,
1920 2766 1972 2789 ¹03·

74 2777 192 2827 prudeus
206 2790 273 2831 Liu.
285 2799 327 2825 34,
343 2799 374 2831 ιι.
446 2791 607 2818 Moderandi
619 2792 737 2826 prudens
749 2792 843 2820 Tacit.
858 2794 926 2820 Ann.
942 2803 962 2826 3,
977 2795 1019 2827 69.
1075 2794 1139 2820 Pro-

73 2827 179 2855 vinciae
198 2827 272 2854 Idem
287 2827 376 2860 Agric.
391 2835 427 2860 19,
441 2836 458 2853 ι.
537 2827 637 2862 Rerum
656 2828 762 2854 animus
780 2827 897 2863 prudens
923 2830 991 2855 Hor.
1011 2830 1101 2857 Carni.
1114 2839 1139 2862 4,

73 2872 100 2898 9,
114 2873 150 2896 3ς.
223 2863 271 2890 Rei
287 2862 412 2889 militaris
427 2860 542 2897 prudens
558 2863 650 2898 Nepos
663 2872 689 2896 9,
707 2873 725 2896 ι,
743 2873 764 2891 2.
802 2863 936 2890 Sententia
950 2866 1065 2900 prudens
1081 2865 1138 2892 ani-

72 2899 112 2930 mi
123 2898 207 2927 Ouid.
217 2898 294 2934 Epist.
310 2909 347 2932 zi,
361 2908 405 2931 ¹37-
442 2898 547 2925 Ciuitas
561 2898 762 2926 Atheniensium
784 2899 978 2934 prudentiffima
1001 2901 1135 2935 Qiintffil.

72 2945 95 2969 5,
104 2943 134 2963 ιι.
156 2934 371 2962 Prudentiffimus
379 2935 494 2970 quisque
503 2935 656 2969 negotiosus
665 2935 781 2961 maxime
795 2942 849 2962 erat
868 2936 969 2963 Sallust.
977 2937 1057 2964 Catil.
1067 2947 1087 2964 c.
1096 2943 1119 2965 8.

68 2995 82 3005 N.
109 2978 186 3000 PRv
198 2978 218 2999 D
232 2977 280 2998 ΕΝ
290 2977 311 2997 Τ
321 2978 330 2997 1
342 2977 363 2998 A
373 2991 382 3005 ,
403 2979 441 2998 ae.
462 2972 482 2998 f.
519 2972 531 3004 [
545 2971 649 3004 Φρόνησις
662 2972 676 3006 ]
710 2972 754 3008 Q
764 2971 795 3004 fi
813 2972 1001 3005 Prouidentia,
1020 2983 1036 2997 a
1051 2971 1137 3006 proui-

72 3008 157 3034 dendo.
199 3008 257 3034 vid.
275 3007 348 3034 Non.
366 3017 383 3040 i,
398 3012 446 3040 198.
519 3007 577 3035 Cic.
592 3007 624 3034 de
639 3007 733 3041 Legib.
749 3017 767 3039 i,
781 3009 815 3034 60
830 3009 906 3041 Qiae
921 3008 1006 3034 virtus
1028 3015 1060 3033 ex
1074 3015 1135 3040 pro-

41 3059 43 3062 .
73 3042 194 3071 videndo
209 3043 245 3071 est
259 3043 385 3078 appellata
400 3042 551 3078 prudentia.
624 3042 699 3071 Idem
712 3043 744 3070 de
758 3044 860 3071 Inuent.
876 3053 897 3076 2,
916 3046 962 3070 160
983 3053 1005 3069 c.
1027 3052 1051 3075 53
1073 3044 1137 3069 Pru-

25 3104 29 3109 ,
71 3078 162 3107 dentia
177 3080 214 3107 est
227 3088 317 3106 rerum
331 3079 464 3106 bonarum
479 3086 504 3106 et
518 3079 648 3106 malarum
668 3087 694 3106 et
713 3080 885 3115 v'trarumque
906 3079 1023 3106 seientia.
1060 3078 1135 3106 Idem

71 3115 104 3143 de
117 3115 178 3143 Fin.
193 3125 216 3149 5,
235 3118 269 3152 67
289 3115 430 3143 Prudentia
456 3116 485 3142 in
506 3115 611 3143 deletitu
633 3115 772 3142 bonorum
791 3122 816 3142 et
835 3115 985 3148 malorum,
1013 3115 1134 3147 S'ubtiudi,

71 3152 209 3179 Cernitur.
282 3151 356 3179 Idem
372 3151 405 3178 de
423 3152 485 3179 Nat.
499 3152 581 3179 Deor.
602 3161 624 3184 3,
648 3154 678 3184 67
705 3151 874 3179 Prudentiani
897 3152 954 3178 Deo
975 3150 1135 3183 tribuemus,

72 3196 139 3222 quae
153 3188 253 3215 constat
266 3196 299 3214 ex
313 3188 421 3214 scientia
435 3197 525 3214 rerum
544 3188 678 3215 bonarum
690 3196 716 3214 et
732 3189 876 3221 malarum,
896 3195 921 3214 et
936 3197 983 3214 nec
1002 3188 1135 3214 bonarum

71 3232 121 3249 nee
134 3224 279 3257 malarum,
302 3225 344 3257 cui
357 3224 421 3250 mali
436 3224 505 3250 nihil
521 3224 573 3257 est,
595 3234 642 3251 nec
657 3225 706 3251 esse
720 3224 821 3258 potest?
893 3223 1134 3259 Prudentia,quam

72 3258 170 3286 Graeci
188 3262 292 3291 Φρόνησιν
312 3259 419 3293 dicunt,
436 3260 472 3287 est
493 3269 583 3287 rerum
598 3261 804 3294 expetendarum
818 3259 1040 3295 fugiendarumue
1055 3259 1135 3285 scien-

73 3293 111 3321 ἀὲ
129 3295 186 3321 Cic.
210 3294 265 3322 Off.
291 3305 310 3328 i,
338 3305 374 3327 ¹53
395 3305 416 3322 c.
435 3306 471 3328 43.

73 3337 116 3357 ars
135 3330 172 3356 est
187 3330 326 3365 prudentia
346 3331 418 3358 Idem
431 3331 464 3358 de
478 3332 536 3358 Pin.
550 3340 574 3365 ς,
588 3335 624 3359 ν’».
696 3333 852 3359 Temeritas
872 3332 907 3358 cst
928 3332 1047 3358 florentis
1065 3337 1133 3358 aeta-

73 3366 126 3399 tis,
162 3365 284 3393 rudentia
297 3365 438 3393 senet-lutis
455 3367 528 3395 Idem
542 3369 574 3397 de
588 3368 690 3396 Seue&
704 3373 745 3402 78.
817 3368 956 3395 Prudentia
972 3368 1000 3394 in
1014 3367 1134 3394 iudican-

74 3400 136 3429 doI
155 3410 198 3428 em
219 3401 333 3436 Philipp.
349 3412 385 3436 ιο,
398 3411 429 3429 ι2.
538 3404 679 3432 Prudentia
705 3403 773 3431 iuris
790 3403 886 3432 Ciuilis
907 3404 980 3430 Idem
1001 3404 1034 3430 de
1055 3405 1132 3431 Orat.

234 3437 361 3465 Altiffima
384 3437 517 3471 Qinfiiil.
530 3448 552 3472 2,
566 3448 596 3473 ι3.

74 3447 94 3469 ¹,
108 3440 162 3468 ²56·
669 3441 728 3469 Cic.
742 3441 773 3467 de
787 3441 875 3467 Finib.
898 3449 923 3473 ς,
943 3444 973 3472 76
995 3438 1132 3466 Omnibus

73 3473 176 3500 artibus
191 3472 316 3500 volumus
329 3474 484 3501 attributam
497 3475 546 3515 esse
561 3484 635 3509 eam,
655 3486 723 3511 quae
737 3477 895 3504 Communis
910 3475 1056 3510 appellatur
1069 3484 1130 3510 pru-
1142 3483 1177 3509 90

73 3509 178 3541 denda,
194 3517 274 3543 quam
293 3517 402 3542 omnes,
421 3511 468 3545 qui
480 3519 584 3545 .cuique
603 3512 719 3539 artificio
746 3515 882 3548 praesunt,
904 3511 1002 3538 debent
1021 3511 1130 3538 habere.

72 3545 146 3574 Idem
162 3545 189 3571 in
208 3545 296 3573 Partit.
313 3547 343 3577 76
362 3546 522 3579 Prudentia,
542 3547 571 3573 in
591 3548 643 3574 suis
657 3549 746 3582 rebus,
768 3549 931 3577 Domestica:
956 3548 985 3574 in
1005 3547 1131 3583 publicis,

74 3580 162 3608 ciuilis
178 3581 329 3616 appellatur.
402 3583 493 3608 Maior
509 3590 599 3610 rerum
614 3584 670 3610 fato
683 3584 823 3619 prudentia
846 3586 919 3618 Virg.
934 3584 1032 3618 Georg.
1047 3592 1066 3617 i,
1077 3586 1129 3616 416.

73 3618 152 3657 Saepe
164 3617 219 3643 aeri
236 3616 329 3644 Potior
341 3617 482 3651 prudentia
501 3617 593 3645 dextra
612 3620 670 3646 Val.
686 3621 768 3647 Flace.
782 3629 809 3654 4,
824 3624 875 3648 622.
953 3620 1040 3646 Velox
1061 3620 1129 3646 Pers.

74 3665 99 3684 a,
111 3664 124 3685 ⁴
353 3689 455 3716 Acuere
470 3689 635 3725 prudentiam
645 3709 653 3723 ‚
673 3692 728 3718 vid.
752 3697 856 3721 Acvo.

930 3690 1064 3718 adhibere
1070 3700 1131 3726 pru-

74 3725 206 3760 dentiam,
226 3726 280 3753 vid.
303 3730 388 3751 noui
398 3730 468 3753 BEO.

576 3727 698 3753 Imitatur
711 3727 813 3756 malitia
833 3727 1001 3764 prudentiam
1022 3727 1079 3754 Cic.
1100 3728 1129 3754 in

285 3760 388 3788 Adeon’
402 3769 451 3795 ego
464 3769 520 3787 non
532 3763 714 3797 perspexeram
740 3764 905 3797 prudentiam
925 3763 1062 3789 literarum
1075 3769 1131 3790 tua-

75 3796 153 3829 rum}
189 3797 262 3824 Idem
279 3799 330 3824 Att.
345 3800 369 3830 Α,
382 3805 407 3830 9.
479 3798 621 3832 Impertite
635 3798 803 3833 prudentiam
819 3800 888 3831 suam
902 3799 933 3825 ad
953 3798 1063 3825 salutem
1083 3799 1131 3824 ali-

77 3869 120 3895 ior
140 3866 223 3894 Ouid.
237 3867 267 3894 de
279 3871 343 3896 Arte
361 3872 419 3895 Am.
433 3878 455 3901 2,
468 3871 520 3902 67ς.
608 3870 668 3895 Hoc
688 3870 800 3903 sentire,
819 3870 974 3906 prudentiae
990 3870 1041 3896 est:
1063 3870 1131 3896 faee-

76 3911 118 3936 re,
137 3902 304 3942 fortitudinis
321 3906 376 3932 Cic.
392 3914 441 3940 pro
461 3906 529 3932 Sext.
543 3907 582 3934 86.
640 3904 713 3931 Idem
727 3906 778 3931 Att.
790 3911 814 3938 8,
829 3917 852 3940 ις)
876 3908 938 3933 Non
949 3915 998 3940 pro
1011 3912 1054 3932 tua
1069 3914 1130 3940 pru·

76 3938 165 3965 denda
179 3938 257 3964 debes
275 3938 339 3967 lllud
352 3942 435 3968 solum
445 3941 666 3973 animaduertere,
674 3940 746 3974 quod
760 3940 788 3966 iu
805 3942 958 3975 praesentia,
971 3949 1015 3968 etc.
1047 3942 1130 3967 Scien-

77 3975 126 4005 tia‚
136 3974 245 4008 peritia:
264 3973 356 4007 Nepos
370 3987 437 4010 5‚2‚1
462 3977 583 4006 Habebat
598 3976 671 4003 enim
682 3984 805 4011 magnam
818 3978 988 4012 prudentiam
1008 3985 1070 4005 eum
1090 3977 1130 4004 iu-

77 4010 114 4038 ris
126 4008 225 4043 ciuilis,
237 4015 294 4034 tum
306 4009 346 4035 rei
359 4013 488 4041 militaris.

235 4050 258 4071 v
267 4050 286 4072 υ
297 4050 323 4071 ι..
341 4045 401 4075 111.
418 4048 421 4050 “

1170 434 1183 458 ς
1203 427 1260 453 visa
1280 428 1352 455 Idem
1367 429 1398 456 de
1414 429 1522 456 Amicit.
1537 432 1552 455 (ι
1573 439 1595 457 c.
1612 440 1634 456 2.

1149 899 1183 934 ’ἢ
1207 901 1345 928 praecocia
1358 898 1498 920 vitiantur.

751 1612 860 1647 leiau.
881 1612 898 1638 l.
917 1613 927 1646 j
949 1618 973 1637 et
986 1612 1007 1646 ij
1032 1611 1073 1638 De
1087 1619 1149 1646 pro·

345 1865 480 1897 Prudens,
506 1865 590 1897 inquit
608 1864 746 1893 Donatus,
767 1860 815 1894 qui
834 1860 1012 1894 intelligentia
1032 1858 1077 1885 sua
1095 1858 1144 1885 ali·
1157 1872 1191 1898 43
1206 1859 1254 1887 dus
1269 1861 1314 1891 est.

317 2039 451 2072 Prudens,
472 2045 516 2074 pro
530 2039 630 2073 Sciens,
650 2048 703 2064 cum
711 2039 857 2072 Infinitiuo:
896 2037 963 2064 Plin.
978 2043 1003 2070 8,
1017 2045 1041 2068 3¹
1062 2039 1092 2062 cle
1103 2035 1143 2061 vi·
1155 2051 1188 2076 50
1204 2038 1286 2064 nimis
1306 2038 1362 2065 acri
1380 2038 1463 2074 coqui
1482 2038 1602 2065 scribon,
1616 2047 1671 2064 220.

552 2397 593 2425 Ad
605 2398 712 2424 consilia
726 2398 842 2433 prudens
861 2398 935 2425 Idem
952 2406 1003 2433 pro
1024 2398 1101 2424 Font.
1117 2406 1141 2429 33
1154 2408 1189 2434 60
1202 2400 1293 2427 Corna
1307 2399 1425 2433 lapidosa
1439 2399 1581 2427 rubescunt
1593 2400 1703 2433 prunis,
1724 2399 1909 2435 Jolitafiilicet
1929 2399 2005 2427 Idem
2019 2399 2128 2433 ibid.2,
2145 2410 2184 2432 34-

1148 3119 1181 3146 80
1193 3126 1261 3152 aqua
1275 3118 1367 3145 coetae
1382 3117 1551 3153 pruriginem
1570 3118 1678 3144 tollunt.

1189 3585 1330 3614 conditum
1343 3588 1392 3613 effe
1416 3590 1499 3620 putat.

507 3833 581 3860 Adde
594 3833 667 3868 quod
680 3833 715 3860 est
729 3833 782 3860 illis
796 3843 906 3870 operum
922 3834 1061 3868 prudentia
1076 3839 1183 3861 ma-100

1577 197 1607 238 P
1690 195 1723 236 R
1804 201 1840 240 Y
2191 218 2271 259 „34

1242 291 1287 312 rr
1300 291 1323 312 v
1338 292 1358 328 ιζ
1373 291 1390 313 Β
1401 292 1481 314 NTE
1493 292 1524 327 ix.
1560 285 1627 328 Adii.
1664 287 1805 321 [φρονυτόσ
1819 308 1828 321 ,
1847 293 1971 328 vinitam,
1992 295 2102 326 νοηνεχᾶς
2119 296 2132 329 ]
2169 295 2272 331 Sapien-

1207 326 1266 355 ter,
1281 325 1392 356 provide.
1466 323 1524 349 Cic.
1540 321 1572 349 de
1587 323 1646 349 Pin.
1661 333 1683 355 5,
1697 331 1721 356 ις
1740 333 1762 351 c.
1776 325 1792 350 6
1815 323 1887 350 Facit
1900 326 1980 358 igitur
2002 329 2030 355 L.
2051 330 2137 357 noster
2156 331 2271 365 pruden-

1207 361 1264 389 ter,
1285 359 1331 391 qui
1344 358 1436 385 audire
1450 357 1483 384 de
1501 359 1604 385 summo
1618 358 1692 386 bono
1708 358 1867 394 potiffimum
1881 361 1955 386 velit.
2028 366 2135 400 Aliquid
2158 368 2184 393 j„
2211 376 2271 393 cau.

1204 392 1232 418 sa
1251 392 1397 426 prudenter
1418 394 1536 420 intexere
1557 395 1614 421 Cic.
1629 394 1662 422 de
1676 395 1753 422 Orat.
1767 404 1790 431 2,
1803 398 1844 425 68.
1950 395 2035 425 Multa
2054 404 2195 433 prudenter
2209 411 2271 437 pro-

1236 463 1242 466 ·
1708 432 1820 467 Compar.
1842 431 1912 458 Suet.
1927 429 2027 458 Tiber.
2048 443 2070 460 c.
2092 445 2115 462 2ι
2137 439 2200 464 Non
2223 446 2271 473 po·

1203 463 1278 489 tuiti'e
1303 473 1464 500 quemquam
1486 466 1645 499 prudentius
1665 474 1759 501 gerere
1784 467 1827 500 se,
1849 475 1927 502 quam
1947 471 1977 492 tu
1999 468 2119 503 gesseris,
2139 473 2271 500 existimo.

1204 498 1261 524 Cic.
1272 499 1307 539 de
1321 500 1414 527 Diuin.
1430 509 1453 536 2,
1467 509 1489 527 c.
1503 508 1515 534 ς
1537 502 1603 528 Belli
1617 502 1879 529 administrationem
1899 501 2056 537 prudentius
2071 507 2220 534 tonicam-n
2233 509 2271 536 as-

1205 534 1289 568 sequi.
1351 538 1446 571 Superl.
1469 536 1543 564 Idem
1556 536 1622 563 ibid.
1638 547 1662 573 2,
1676 547 1718 569 ¹50
1740 547 1763 564 e.
1777 547 1808 571 72
1828 547 1894 565 extr.
1913 537 2063 565 Acutiss‘ime
2072 539 2207 569 sententias
2216 545 2272 571 suas

1204 570 1455 607 prudentisliineque
1469 571 1620 600 defendere.
1716 575 1790 604 Conf.
1818 574 1890 601 Ideni
1914 574 1968 601 Att.
1986 583 2040 607 ¹32¹
2061 581 2085 600 et
2104 575 2177 601 Fam.
2197 587 2217 609 5,
2238 589 2272 611 17,

1160 616 1189 635 ιο
1205 606 1263 633 Val.
1278 607 1346 633 Max.
1368 617 1387 640 3,
1402 617 1413 639 3
1441 614 1492 634 ext.
1520 618 1542 640 ⁴-
1580 608 1750 636 Anaxarchus
1762 605 1846 637 'totius
1858 610 1952 637 mundi
1968 617 2090 638 naturam
2110 610 2272 645 prudentiffi.

1205 650 1249 668 me
1266 649 1291 668 et
1307 642 1486 671 facundissiuie
1501 645 1653 679 expronisst.

1246 684 1261 704 P
1275 686 1293 704 R
1302 686 1322 704 V
1335 685 1354 705 D
1365 686 1381 706 E
1394 685 1415 704 N
1427 684 1452 706 ‘l'
1461 686 1470 705 1
1480 685 1500 704 V
1511 686 1525 706 S
1536 700 1543 711 ,
1569 680 1587 707 i.
1609 690 1644 707 iii.
1682 682 1760 708 Porta
1782 681 1950 715 Christianus.
2023 681 2121 708 Floruit
2150 680 2275 714 Theodosti

1205 713 1245 740 M.
1258 721 1281 739 et
1291 714 1404 749 sistorum
1415 715 1467 740 ciui*
1481 717 1627 749 temporibus
1640 736 1648 749 ‚
1668 726 1693 742 eto
1708 726 1775 744 nemo
1789 713 1903 744 diuinitas
1917 719 1949 745 de
1968 717 2040 744 rebus
2060 716 2209 752 Christianis
2228 726 2276 743 vn-

1205 759 1281 785 quam
1291 749 1411 785 scripfit‚
1430 750 1470 775 :vti
1485 751 1562 785 rensc!
1575 752 1707 779 Barthius.

1242 791 1258 812 P
1271 787 1370 812 svin
1383 791 1423 818 A,
1441 793 1480 812 ae.
1505 785 1524 813 f.
1561 786 1684 822 [πάχνη]
1721 789 1760 814 Ex
1774 797 1830 814 rore
1840 789 1926 824 gelido
1940 788 2061 824 nascitur.
2107 790 2133 814 Α
2149 796 2278 824 peruren-

1206 819 1242 847 do
1254 821 1338 855 alma,
1357 823 1424 856 quod
1433 821 1529 855 fruges
1542 828 1567 849 et
1580 824 1696 857 virgulta
1709 830 1823 858 perurat.
1897 825 1963 852 Plin.
1988 833 2022 857 17,
2043 833 2074 857 24
2100 824 2160 852 Hoc
2179 832 2277 859 genere

1206 856 1317 886 alternis
1333 865 1416 892 prope
1429 858 1504 883 annis
1526 857 1553 884 in
1575 857 1662 885 Gallia
1682 859 1767 890 vites,
1795 861 1922 893 arbores,
1941 867 1967 887 et
1986 860 2121 887 frumenta
2139 859 2277 886 interdum

1320 893 1326 897 “
1378 892 1406 897 ““
1574 894 1680 921 Etenim
1706 896 1802 930 pruina
1832 904 1845 921 a
1867 894 2019 930 perurendo
2034 895 2106 922 dieta
2124 896 2177 931 est,
2205 894 2277 929 quasi

1207 930 1350 964 peruriua:
1388 928 1443 955 vrit
1468 929 1541 956 enim
1566 931 1705 964 germina,
1725 939 1807 965 quum
1834 932 1888 958 soli:
1912 931 2057 966 liquefae‘ta
2077 931 2131 964 est,
2152 939 2181 958 vt
2202 932 2276 966 saepe

736 965 812 1000 Conf.
837 964 959 992 Tei-tull.
984 963 1043 991 adu.
1066 964 1150 990 Marc.
1162 974 1197 993 20
1209 964 1335 991 vidimus.
1372 964 1506 991 Columel.
1522 975 1541 991 ii
1557 975 1578 992 c.
1600 967 1648 994 vlt,
1669 973 1736 994 extr.
1756 966 1834 995 Locis
1861 967 1983 1002 frigidis,
2010 967 2057 994 vbi
2078 968 2161 994 timor
2182 967 2227 1000 est,
2241 975 2277 995 ne

1209 1000 1369 1027 autumnalis
1389 1001 1454 1027 satio
1482 1000 1579 1028 hiemis
1603 1001 1738 1036 gelicidiis
1761 1009 1920 1037 perui-atur,
1954 1002 2130 1030 arundinibus
2162 1002 2278 1030 humiles

1209 1037 1341 1063 cantherii
1360 1035 1445 1069 fiunt,
1465 1037 1551 1071 iisque
1567 1037 1660 1072 virgae
1671 1038 1835 1064 transuersae
1855 1039 2045 1073 imponuntur,
2065 1046 2090 1065 et
2108 1040 2192 1074 virgis
2214 1040 2278 1065 {lra-

1209 1080 1297 1099 menta
1315 1072 1529 1107 supi-aiaciuntur
1538 1093 1546 1105 ‚
1567 1080 1593 1100 et
1606 1074 1638 1100 fic
1648 1082 1662 1099 a
1674 1074 1781 1108 pruinis
1796 1074 1896 1101 semina
1915 1074 2104 1102 defenduntur.
2179 1076 2235 1103 Cic.
2245 1075 2279 1101 de

1209 1109 1272 1136 Nat.
1287 1108 1371 1135 Deor.
1387 1118 1407 1142 i,
1418 1110 1449 1134 26
1469 1108 1552 1143 Qiod
1565 1117 1624 1144 pars
1636 1118 1727 1136 earum
1741 1110 1851 1144 appulsu
1871 1110 1933 1137 solis
1951 1111 2094 1145 exarserit,
2121 1120 2181 1146 pars
2204 1110 2279 1137 obri-

2010 1146 2078 1173 Plin.
2092 1156 2116 1180 2,
2131 1152 2165 1173 ΛΟ
2192 1148 2279 1174 Gran-

1208 1181 1300 1207 dinem
1320 1181 1487 1216 conglaciato
1501 1180 1588 1207 imbre
1607 1182 1699 1216 gigni,
1716 1187 1742 1208 et
1756 1181 1848 1208 niuem
1863 1182 1957 1209 eodem
1970 1181 2087 1210 humore
2103 1183 2211 1210 mollius
2234 1191 2279 1209 co-

1209 1216 1286 1249 ὃᾶὶο,
1308 1217 1432 1251 pruinam
1450 1223 1541 1244 autem
1559 1225 1591 1243 ex
1606 1225 1669 1244 rore
1688 1216 1787 1252 gelido.
1885 1219 1967 1244 Vertit
1990 1225 2015 1244 et
2029 1218 2157 1252 Apuleius
2173 1218 2280 1246 libellum

1208 1252 1355 1288 Aristotelis
1374 1252 1406 1278 de
1420 1252 1543 1286 Mundo,
1570 1253 1596 1277 in
1615 1263 1644 1278 ea
1662 1253 1774 1285 veifione
1782 1252 1821 1285 fic
1838 1254 1891 1278 ait:
1911 1253 2030 1281 Glaciem
2049 1254 2163 1282 dicimus
2183 1254 2281 1281 humo-

1207 1297 1266 1315 rem
1281 1288 1376 1315 sereno
1389 1288 1495 1323 frigore
1508 1295 1673 1317 concretum.
1748 1289 1819 1316 Huic
1839 1289 1875 1316 est
1889 1291 1985 1324 pruina
2003 1290 2157 1323 consimilis,
2172 1290 2189 1318 si
2210 1290 2280 1316 mol·

1918 1325 1985 1352 Hor.
2000 1326 2090 1355 Carm.
2107 1337 2165 1360 i,4,
2186 1338 2199 1359 4
2218 1326 2279 1353 Nee

1207 1365 1282 1396 prata
1296 1360 1367 1386 canis
1381 1360 1498 1387 albicant
1513 1361 1629 1395 pruinis.
1703 1361 1777 1387 Acris
1793 1361 1887 1396 pruina
1911 1361 2016 1388 Lucret.
2034 1371 2054 1395 3,
2069 1371 2110 1389 20.
2183 1362 2280 1396 Algen-

1206 1403 1245 1424 tes
1266 1396 1327 1423 Stat.
1341 1395 1434 1424 Theb.
1451 1405 1476 1430 3,
1489 1399 1549 1430 469.
1585 1394 1657 1423 Cana
1672 1396 1749 1431 Virg.
1768 1397 1869 1431 Georg.
1891 1406 1913 1429 2,
1932 1399 1983 1430 376.
2020 1397 2169 1425 Candentes
2182 1395 2278 1424 Claud.

1207 1433 1241 1459 de
1254 1432 1339 1467 Nupt.
1354 1432 1462 1459 Honor.
1476 1441 1514 1464 52.
1552 1432 1657 1459 Canens
1668 1432 1714 1460 Sil.
1731 1441 1755 1466 3,
1766 1442 1813 1465 533.
1848 1433 1958 1460 Gelidae
1974 1433 2051 1469 Virg.
2071 1435 2168 1468 Georg.
2183 1443 2206 1466 2,
2225 1436 2281 1464 263.

1207 1469 1342 1496 Matutina
1363 1469 1485 1504 Propert.
1515 1477 1538 1501 2,
1554 1478 1581 1502 9,
1598 1477 1632 1501 4¹·
1669 1468 1768 1495 Rorata
1788 1468 1870 1496 Ouid.
1885 1469 1950 1499 East.
1964 1478 1988 1503 3,
2007 1478 2059 1503 357.
2101 1469 2208 1497 Tristes
2230 1470 2284 1496 Va-

1547 1505 1642 1532 Vitrea
1654 1504 1738 1532 Ouid.
1752 1505 1831 1541 Epist.
1852 1513 1890 1539 10,
1903 1513 1929 1540 7.
2019 1506 2142 1542 Corpora
2167 1505 2281 1532 circnm-

1207 1541 1264 1568 fusa
1284 1541 1389 1575 pruinis
1407 1541 1485 1576 Virg.
1499 1541 1599 1575 Georg.
1615 1549 1637 1574 3,
1652 1543 1703 1572 368.
1740 1543 1769 1567 dc
1785 1541 1864 1568 bobus.
1957 1541 2093 1577 Obrigere
2115 1542 2212 1577 pruina
2220 1541 2278 1569 Cic.

1208 1577 1238 1604 in
1252 1577 1342 1604 Somn.
1361 1577 1430 1612 Scip.
1445 1587 1477 1608 ις.
1554 1577 1675 1604 Perferre
1688 1577 1795 1613 pruinas
1813 1586 1841 1603 ae
1854 1577 1930 1604 niues
1948 1577 2024 1605 Idem
2037 1580 2066 1605 in
2081 1572 2160 1605 Catil.
2170 1586 2194 1611 2,
2214 1586 2242 1610 23
2258 1585 2282 1604 c.

1209 1621 1252 1640 ιο.
1291 1613 1389 1648 Rigens
1405 1613 1488 1648 glacie
1500 1612 1652 1648 hiemisque
1665 1613 1771 1648 pruinis
1792 1614 1901 1640 Petron.
1923 1623 1944 1640 c.
1967 1622 2014 1641 122.

1244 1654 1260 1675 P
1271 1655 1290 1676 R
1300 1656 1320 1675 V
1332 1657 1341 1675 Ι
1353 1656 1376 1676 N
1387 1650 1407 1678 ὁ
1417 1656 1431 1676 s
1443 1656 1463 1674 V
1474 1656 1497 1676 S.
1512 1660 1517 1662 “
1536 1648 1594 1676 Adi.
1633 1649 1798 1685 [παχνώδης]
1835 1650 1947 1676 Pruinae
1962 1647 2086 1675 obnoxius.
2145 1647 2282 1674 Columel.

1154 1697 1192 1724 40
1207 1692 1230 1719 3,
1247 1693 1281 1712 20
1298 1684 1348 1712 Seu
1364 1685 1481 1721 frigidus
1495 1691 1520 1712 et
1535 1685 1693 1720 pruinosus,
1711 1685 1786 1720 quod
1801 1694 1857 1712 non
1873 1685 1909 1711 est
1922 1685 2024 1719 patiens
2050 1682 2177 1710 vrcdin'is.
2217 1684 2282 1709 Fru-

1770 1726 1771 1729 ’
1796 1721 1905 1747 Herbae
1926 1720 2010 1747 Ouid.
2025 1720 2090 1746 Met.
2106 1728 2130 1750 4,
2144 1724 2181 1748 82·
2236 1719 2284 1745 Pe-

1205 1727 1258 1748 teta
1273 1722 1399 1756 pruinosa
1411 1723 1512 1749 Auson.
1528 1720 1624 1751 Eidyll.
1639 1730 1674 1752 14,
1690 1729 1721 1753 ¹3-
2046 1754 2138 1780 Lonua
2156 1754 2284 1788 pruine&

2108 1773 2124 1787 D

1207 1763 1278 1784 tron.
1292 1766 1315 1783 c.
1334 1763 1360 1789 83
1380 1757 1442 1784 Sola
1455 1755 1587 1790 pruinosis
1606 1755 1700 1782 horret
1721 1755 1846 1781 facundia
1866 1752 1970 1789 pannis.

1205 1792 1310 1824 frigora
1323 1791 1403 1817 noete
1415 1791 1472 1824 pati
1486 1791 1570 1816 Ouid.
1587 1791 1680 1816 Amor.
1695 1797 1719 1821 2,
1736 1799 1771 1820 ιι),
1784 1798 1821 1815 22.
1897 1788 2032 1818 Columel.
2056 1797 2089 1824 7,
2109 1797 2126 1822 9
2147 1789 2174 1816 Si
2196 1789 2283 1824 Regio

1205 1824 1307 1858 frigida
1329 1831 1355 1852 et
1368 1824 1495 1860 pruinosa
1508 1824 1560 1858 est,
1582 1832 1662 1858 quam
1683 1824 1833 1851 durissimae
1854 1829 1880 1851 et
1897 1825 1991 1859 nigrae
2011 1826 2078 1852 setae
2097 1833 2163 1859 grex
2182 1825 2285 1860 eligen-

1389 1862 1474 1887 Status
1486 1861 1552 1887 caeli
1565 1859 1680 1894 frigidus
1693 1866 1719 1887 et
1737 1861 1883 1895 pruinosus
1902 1861 2041 1888 Columel.
2059 1870 2096 1894 4,
2117 1869 2152 1894 23.
2171 1873 2173 1875 ¹
2191 1862 2286 1889 Tene.

1205 1895 1269 1924 brae
1283 1895 1366 1924 Ouid.
1380 1897 1447 1923 Met.
1461 1905 1483 1928 5,
1504 1904 1562 1928 4⁴3·

1240 1937 1402 1964 PRVNA,
1422 1939 1460 1958 ae.
1482 1931 1502 1958 f.
1540 1932 1683 1966 [ic-aequit,
1704 1931 1837 1966 ἂνθρακία]
1874 1941 1890 1957 a
1908 1932 2019 1958 Carbone
2039 1931 2079 1958 ita
2104 1930 2284 1967 distinguitur,

1203 1969 1271 2002 quod
1289 1968 1410 2000 quamdiu
1436 1969 1527 1997 ardet,
1546 1966 1631 2001 prima
1661 1966 1776 1993 dicitur:
1815 1966 1913 2000 carbo,
1933 1977 2006 2002 quum
2036 1967 2156 2003 exstinaa
2182 1969 2281 2001 fuerit.

1203 2003 1282 2037 Virg.
1297 2002 1325 2028 in
1338 2003 1471 2035 Moret09
1493 2003 1524 2029 Et
1538 2002 1606 2028 cinis
1619 2001 1751 2029 obductae
1759 2002 1858 2029 ceiabat
1867 2004 1969 2030 lumina
1980 2013 2089 2038 prunae.
2129 2004 2216 2030 Prima
2225 2013 2282 2032 non

1743 2040 1774 2065 In
1794 2047 1878 2073 pruna
1892 2049 1948 2066 non
1960 2040 2016 2067 acri
2032 2048 2148 2074 coquere
2164 2039 2280 2067 medica-

1519 2075 1589 2101 Hor.
1603 2075 1686 2101 Serm.
1699 2082 1718 2108 ι,
1732 2083 1754 2107 5,
1768 2077 1798 2107 36
1820 2075 2002 2110 Praetextam,
2022 2082 2049 2103 et
2063 2076 2146 2102 latum
2164 2077 2281 2139 ειειιιέῐιι,

2192 2112 2225 2138 Su
2246 2112 2281 2139 ii-

2197 2183 2280 2212 Colu-
2290 2176 2295 2181 Δ

1204 2080 1327 2102 mentum
1342 2075 1380 2102 id.
1392 2078 1422 2102 26
1441 2098 1445 2103 .

1204 2119 1357 2146 prunaeque
1371 2080 1511 2144 batiilum,
1532 2111 1550 2137 i.
1567 2111 1697 2146 foculum,
1716 2110 1756 2135 rei
1776 2110 1867 2146 sacrae
1885 2112 2026 2145 faciendae
2037 2112 2119 2147 causae.

1204 2147 1279 2174 ciunt
1293 2146 1412 2174 verubus
1425 2156 1533 2184 prunas,
1547 2153 1573 2173 et
1587 2146 1687 2173 viscera
1701 2153 1808 2173 torrent
1828 2147 1905 2182 Virg.
1922 2148 1988 2174 Aen.
2006 2157 2028 2182 ς,
2050 2157 2099 2179 ¹0!-

1240 2189 1384 2210 PRVNV
1396 2190 1426 2216 S,
1451 2183 1469 2210 i.
1491 2183 1511 2209 f.
1548 2183 1733 2217 [κοκκύμηλος]
1771 2183 1856 2209 Arbor
1873 2190 1957 2218 pruna
1975 2187 2124 2219 producens.

981 2217 1052 2251 Ergo
1078 2217 1144 2243 Pru·
1159 2230 1188 2258 55
1204 2219 1267 2246 mel.
1282 2228 1306 2253 2,
1321 2229 1334 2246 2
1359 2220 1446 2247 Multa
1458 2220 1518 2246 sunt
1535 2227 1602 2253 quae
1615 2223 1642 2244 et
1656 2216 1760 2244 dulcem
1777 2224 1888 2252 terram,
1903 2226 1928 2246 et
1940 2219 2083 2246 frumentis
2102 2217 2220 2246 habilem
2247 2215 2279 2247 si*-

1204 2253 1351 2289 gnificent,
1370 2261 1400 2282 vt
1415 2255 1521 2290 iuncus,
1535 2260 1565 2282 vt
1578 2254 1702 2288 calamus,
1717 2260 1745 2281 vt
1759 2263 1871 2289 gramen
1880 2261 1905 2282 et
1917 2255 2064 2290 trifolium,
2077 2255 2281 2290 ebulum‚rubi‚

1203 2291 1286 2326 pruni
1306 2291 1445 2320 siluestres.

1238 2328 1434 2361 PRVNVM,
1455 2327 1475 2354 i.
1494 2337 1521 2354 ι-ι.
1560 2326 1603 2355 Pl.
1640 2326 1744 2359 Pruna,
1762 2326 1866 2353 FruHus
1883 2327 1970 2363 pruni.
2045 2327 2149 2355 Globus
2175 2336 2277 2362 pruno-

1637 2363 1844 2397 Spiniferentes
1858 2372 1942 2398 pruna
1963 2363 2040 2398 Virg.
2061 2365 2161 2399 Georg.
2180 2372 2210 2397 4,
2233 2373 2280 2426 ‘⁴¹5‘

2224 2401 2246 2426 A
2258 2409 2277 2426 i·

1205 2436 1366 2469 nina,·vid.
1384 2442 1513 2463 ASINVS.
1963 2436 2134 2463 Autumnalia
2157 2437 2280 2470 Propert.

1201 2481 1225 2504 4,
1242 2480 1265 2507 2,
1279 2479 1313 2504 ¹3-
1386 2472 1487 2505 Cerea,
1507 2472 1563 2499 vid.
1584 2478 1682 2499 CERA.
1753 2471 1852 2499 Cerina
1868 2471 1936 2498 Plin.
1962 2480 1994 2505 ¹5,
2016 2481 2047 2503 ¹3-
2121 2473 2160 2498 De
2181 2471 2278 2505 prunis

1202 2507 1384 2540 Damascenis,
1404 2508 1439 2545 est
1453 2509 1606 2544 epigramma
1620 2506 1738 2534 Martial.
1755 2515 1787 2540 13,
1802 2516 1831 2541 29
1852 2507 1942 2534 Pruna
1962 2506 2120 2541 peregrinae
2141 2507 2212 2534 carie
2233 2516 2280 2533 ru-

1201 2544 1263 2577 gosa
1277 2543 1397 2571 sene&ae
1418 2546 1511 2572 Sume:
1549 2544 1634 2571 solent
1652 2543 1716 2570 duri
1738 2543 1843 2606 solugrle
1864 2543 2062 2606 Bentriilonup.
2135 2542 2278 2575 Onychina

1813 2587 1866 2606 iue
1891 2587 1931 2606 ria
1984 2587 2021 2606 in.
2053 2588 2096 2607 .c.

1201 2370 1262 2390 rum
1282 2363 1344 2395 Stat.
1363 2360 1428 2390 Silii.
1443 2374 1468 2396 4,
1483 2373 1508 2397 9,
1524 2369 1564 2393 28.

1587 2435 1706 2462 Asinaria
1719 2435 1787 2463 Plin.
1801 2444 1836 2468 ις,
1858 2443 1889 2467 13.

1239 2621 1343 2643 PRVR
1355 2620 1366 2642 1
1377 2622 1430 2643 (ΞΑ
1441 2637 1450 2650 ,
1470 2617 1525 2645 uid.
1553 2620 1749 2643 PERomGA.

1711 2649 1839 2685 κνιῖθομαι,
1855 2654 1948 2681 annatim
1960 2651 1976 2684 ]
2011 2650 2128 2676 Libidine
2139 2649 2277 2686 scalpendi

1237 2657 1254 2678 P
1264 2659 1283 2679 R
1293 2658 1343 2679 VR
1355 2657 1367 2678 1
1380 2658 1400 2679 0
1410 2673 1420 2686 ⁹
1440 2661 1491 2687 'm'
1512 2658 1588 2686 Imm,
1604 2661 1653 2680 nie·
1691 2652 1705 2687 [
1765 2687 1847 2714 Plaut.
1862 2686 1954 2714 Bacch.
1969 2694 1993 2720 ς,
2007 2694 2031 2718 2,
2045 2693 2077 2720 7ς
2097 2686 2144 2721 Te
2158 2685 2274 2719 amabo,

1199 2689 1299 2715 ardere.
1338 2688 1412 2715 Facit
1423 2688 1532 2723 prurire
1544 2687 1668 2716 Scribon.
1677 2697 1725 2721 193.

1199 2729 1226 2750 et
1241 2730 1267 2751 te
1281 2724 1465 2759 amplexabor.
1474 2732 1506 2751 N.
1527 2730 1605 2765 caput
1618 2725 1715 2760 prurit.
1753 2722 1826 2751 Idem
1837 2724 1915 2749 Poen.
1933 2731 1954 2754 ς,
1967 2729 1989 2755 5,
2002 2723 2031 2755 36
2043 2721 2197 2784 Ιέέἑιιέξηιεέ
2211 2731 2275 2785 {21¹—

1198 2794 1264 2823 haec
1287 2797 1454 2824 carminibus
1467 2797 1526 2824 data
1540 2797 1578 2823 est
1591 2796 1703 2828 iocofis,
1721 2794 1764 2820 Ne
1780 2793 1887 2826 poffint,
1907 2792 1955 2819 nisi
1969 2793 2112 2828 pruriunt,
2130 2768 2235 2821 i’uiiare.

1234 2839 1250 2859 P
1261 2839 1280 2860 R
1290 2839 1311 2859 v
1322 2838 1343 2860 R
1354 2839 1366 2860 1
1379 2838 1398 2859 Ε
1407 2838 1474 2866 Ns,
1494 2833 1571 2860 entis,
1608 2833 1698 2858 Nemo
1710 2829 1834 2863 pruriens
1857 2838 1954 2864 corpus
1973 2829 2132 2857 seminando
2153 2830 2272 2857 correxit

1197 2868 1229 2896 C.
1245 2868 1336 2896 Aurel.
1349 2869 1438 2896 Tard.
1458 2879 1484 2900 q,
1502 2875 1530 2899 9,
1553 2875 1596 2898 ¹33·
1670 2864 1792 2892 Tine'tae
1819 2865 1871 2893 sale
1896 2865 2036 2900 pruriente
2071 2866 2178 2893 chartae
2199 2866 2272 2893 Mar-

1197 2904 1256 2931 tial.
1270 2914 1303 2936 12,
1315 2913 1357 2936 97.

1149 2942 1183 2970 75
1231 2945 1247 2964 1²
1257 2944 1278 2964 R
1288 2945 1310 2964 v
1319 2944 1340 2964 R
1352 2938 1394 2963 ῑΤ
1403 2942 1466 2971 vs,
1486 2934 1526 2964 sis.
1546 2945 1583 2963 m.
1619 2935 1746 2972 [κνκθμὸς]
1785 2935 1882 2971 Sensus,
1895 2942 1943 2963 aut
1956 2938 2053 2964 morbus
2067 2938 2129 2963 adeo
2143 2936 2267 2971 prurien-

1194 2972 1238 3000 tis.
1310 2972 1380 3000 Plin.
1394 2982 1420 3008 9,
1432 2982 1465 3007 45
1484 2972 1631 2999 Contaftos
1642 2973 1740 3007 pisces,
1755 2973 1903 3008 attrituque
1915 2979 2004 3008 petrae
2018 2973 2159 3007 scalpentes
2180 2973 2268 3007 pruri-

1195 3014 1252 3037 tum
1271 3008 1387 3036 inuadit.
1462 3009 1552 3036 Seren.
1567 3016 1599 3044 87
1616 3009 1738 3036 Pruritus
1753 3016 1844 3036 autem
1857 3010 1934 3036 salsos
1948 3009 2018 3036 leuat
2032 3008 2132 3035 humor
2153 3008 2229 3035 aceti.

1223 3052 1250 3072 -P
1262 3052 1342 3076 RVR
1353 3048 1430 3072 fGo
1441 3065 1450 3078 ,
1470 3045 1533 3072 i'nis.
1554 3045 1573 3071 f.
1611 3046 1747 3080 [κνησμὸς]
1784 3047 1860 3073 Idem.
1880 3044 2057 3080 Columel.17,
2080 3054 2091 3073 5
2115 3043 2185 3070 Nam
2206 3044 2268 3071 sub-

1194 3081 1232 3108 est
1244 3083 1333 3117 aspera
1353 3081 1436 3114 cutis,
1457 3088 1483 3108 et
1499 3081 1573 3108 velut
1585 3081 1715 3116 quaedam
1729 3081 1851 3117 prurigO.
1924 3081 2026 3114 Nigrae
2052 3078 2153 3106 radices
2179 3080 2216 3106 ita
2235 3081 2265 3107 in

1757 3120 1830 3144 Vetus
1842 3118 1916 3142 codex
1930 3117 2002 3142 habet
2015 3116 2194 3150 Porriginem.
2215 3117 2264 3144 Al.

1194 3154 1319 3189 Prorigo.
1400 3154 1426 3181 Si
1442 3153 1493 3180 tibi
1508 3155 1614 3180 morosa
1631 3152 1771 3188 prurigine
1792 3151 1924 3180 verminat
1943 3152 2015 3179 auris
2034 3151 2149 3178 Martial.
2172 3160 2208 3184 14,
2227 3161 2263 3184 23.

1194 3192 1288 3218 quen.
1304 3191 1354 3217 Sat.
1368 3192 1394 3224 6,
1406 3192 1452 3222 326
1474 3190 1552 3217 Tum
1566 3190 1680 3226 prurigo
1700 3198 1792 3216 morae
1806 3189 1950 3224 impatiens
1967 3190 1999 3215 de
2019 3187 2122 3214 muliere
2147 3190 2263 3214 Venerem

1192 3233 1340 3290 ‘pifii'ffiz
1354 3263 1574 3296 1G1N6svs‚
1596 3271 1620 3294 a,
1639 3270 1694 3288 um.
1730 3260 1791 3288 Adi.
1828 3259 1910 3287 Pauli.
1926 3259 1955 3286 in
1977 3259 1994 3286 ι.
2015 3269 2026 3293 3
2054 3258 2087 3285 D.
2107 3256 2140 3284 de
2159 3258 2264 3286 aedilit.

584 3297 618 3323 Vt
633 3296 766 3323 medicina
781 3296 955 3328 valetudinis,
973 3295 1007 3322 fic
1022 3294 1133 3322 viuendi
1148 3298 1178 3328 85
1192 3297 1274 3325 edi&
1293 3299 1474 3334 InPriapeiis
1491 3308 1520 3326 n.
1544 3303 1574 3331 63
1602 3299 1676 3332 Qiae
1696 3302 1737 3324 tot
1754 3297 1848 3332 figuris
1868 3305 1923 3323 non
1948 3295 2067 3322 inuentis
2091 3294 2264 3330 prurIginosa

1193 3334 1314 3361 discedit.

1228 3377 1245 3397 P
1254 3376 1275 3398 R
1287 3377 1307 3396 v
1316 3377 1336 3397 R
1345 3376 1355 3397 1
1365 3371 1438 3398 6sv
1448 3376 1462 3398 s
1473 3391 1481 3404 ,
1500 3379 1524 3404 a,
1544 3377 1599 3396 um.
1636 3368 1694 3396 Adi.
1733 3367 1805 3396 Cael.
1818 3367 1908 3395 Aurel.
1923 3365 2011 3394 Tard.
2028 3374 2054 3399 2,
2070 3375 2090 3399 i,
2104 3375 2128 3398 33
2148 3366 2262 3401 Squssla,

1191 3415 1270 3442 quam
1294 3407 1377 3441 vulgo
1392 3406 1503 3434 bulbum
1517 3404 1671 3440 pruriosum
1687 3410 1790 3431 vocant.
1832 3406 1888 3431 Vid.
1900 3403 1996 3437 ReineJ]
2016 3405 2075 3429 Var.
2093 3403 2157 3430 [Αἰ.
2170 3413 2191 3437 3,
2206 3409 2240 3432 18.

1228 3449 1271 3470 PR
1281 3449 1349 3470 le
1359 3450 1372 3470 s
1382 3449 1400 3471 c
1412 3449 1434 3470 ο
1445 3464 1453 3477 ,
1479 3443 1545 3468 vnde
1570 3446 1818 3468 PERPRVMSCO.

1227 3486 1243 3506 P
1252 3486 1271 3506 R
1280 3486 1302 3506 V
1312 3487 1325 3506 s
1337 3485 1359 3505 A
1367 3499 1377 3512 ,
1396 3488 1436 3506 ae.
1457 3479 1476 3505 f.
1513 3479 1527 3512 [
1534 3478 1643 3512 Πςιῖσοι]
1682 3477 1805 3512 Oppidum
1820 3474 1852 3512 efl
1865 3473 2000 3509 Bithyniae
2020 3474 2261 3508 Ph12yqibusetMy.

1181 3514 1221 3548 fis
1229 3515 1384 3550 finitimum,
1405 3526 1420 3541 a
1435 3511 1521 3540 Prufia
1535 3522 1608 3548 rege,
1628 3522 1671 3547 qut
1684 3520 1772 3538 contra
1793 3511 1908 3547 Croesum
1927 3509 2011 3544 bellum
2027 3508 2117 3544 gestit,
2137 3512 2174 3535 ml
2191 3511 2260 3535 radi.

1189 3560 1229 3576 ces
1245 3552 1347 3586 Olympi
1359 3551 1447 3577 montis
1461 3550 1595 3575 conditum.

1572 3584 1610 3610 Η.
1668 3548 1754 3574 Strab.
1768 3556 1805 3574 12.
1877 3543 1944 3574 Piin‘.
1959 3553 1984 3581 5,
1995 3554 2021 3578 3²
2035 3545 2068 3572 ab
2081 3544 2214 3572 Annibale
2228 3546 2258 3572 id

1600 3593 1641 3610 mc

1224 3628 1240 3648 P
1251 3628 1270 3649 R
1281 3629 1304 3649 v
1313 3629 1327 3649 s
1336 3629 1345 3648 1
1355 3628 1415 3654 AS,
1436 3629 1474 3647 ae.
1494 3630 1530 3646 m.
1567 3618 1711 3653 [siquo-tae]
1750 3619 1789 3645 De
1803 3627 1849 3653 quo
1862 3617 1942 3644 multa
1960 3615 2057 3643 Liuius
2075 3624 2110 3650 45
2130 3625 2194 3643 exer.
2215 3616 2258 3643 Bi-

207 3654 262 3679 Cic.
275 3652 308 3679 de
322 3654 396 3680 Orat.
410 3662 432 3688 2,
450 3663 484 3685 ¹32
503 3654 642 3689 Perspicua
656 3655 714 3691 suut
729 3655 791 3683 haee
803 3657 920 3691 quidem,
934 3661 960 3682 et
974 3656 1002 3682 in
1017 3654 1130 3690 Vulgari
1143 3659 1176 3686 95
1189 3656 1300 3690 thyniae
1313 3666 1377 3690 rex,
1398 3657 1445 3692 qui
1459 3655 1618 3682 Annibalem
1635 3655 1685 3681 huc
1708 3654 1895 3681 concedentem
1920 3652 2032 3687 suscepit
2042 3670 2051 3684 ,
2079 3653 2136 3686 post
2164 3653 2255 3679 Antio-

1190 3693 1271 3721 chum
1292 3695 1458 3728 superatum,
1478 3698 1504 3718 et
1518 3691 1647 3725 Phrygiae
1661 3690 1860 3726 Hellespontiae
1874 3687 2043 3722 seditionem,
2055 3689 2193 3716 aduersum
2208 3687 2254 3712 At-

1190 3730 1283 3757 talicos
1298 3738 1330 3756 ex
1346 3728 1493 3763 compofito
1506 3727 1613 3754 saetam.
1655 3727 1713 3754 Vid.
1732 3727 1814 3752 Str-ab.
1832 3735 1863 3751 12-
1881 3731 1906 3751 et
1921 3724 1991 3759 Nep.
2012 3734 2048 3758 23,
2069 3733 2103 3758 12,
2116 3734 2135 3756 3.

1229 3772 1246 3792 P
1256 3774 1276 3794 R
1285 3772 1307 3792 v
1317 3770 1331 3791 s
1343 3772 1353 3790 1
1363 3763 1407 3791 XC
1419 3769 1442 3791 v
1453 3770 1482 3797 S,
1500 3769 1526 3797 a,
1539 3772 1595 3790 uin.
1616 3761 1680 3790 Adi.
1719 3762 1764 3789 Sil.
1781 3770 1815 3803 13,
1828 3766 1872 3792 888
1893 3761 1984 3787 Donec
2005 3760 2134 3789 Pruliacas
2152 3756 2251 3785 delatus

1190 3801 1307 3837 segniter
1322 3808 1394 3828 oras.

1608 3860 1632 3893 P
1702 3860 1732 3892 R
1811 3858 1839 3891 Y

1226 3915 1242 3936 P
1252 3915 1272 3935 R
1280 3915 1300 3934 Y
1309 3914 1336 3935 M
1347 3914 1371 3935 N
1380 3914 1397 3934 E
1407 3913 1420 3934 s
1429 3914 1439 3934 1
1447 3914 1517 3941 VM,
1538 3907 1557 3934 i.
1573 3916 1601 3935 ri.
1638 3904 1814 3941 [πραμνιὶσιον]
1852 3904 1928 3931 Funis
1938 3903 2058 3930 nauticus.
2101 3901 2180 3935 Apud
2200 3899 2249 3941 Fe:

1190 3945 1257 3971 stum
1279 3944 1436 3979 Pompeium
1456 3944 1544 3978 palus,
1568 3943 1601 3970 ad
1621 3951 1700 3978 quem
1721 3942 1794 3968 funis
1815 3941 1935 3968 nauticus
1956 3939 2091 3972 religatur,
2111 3945 2189 3971 quem
2203 3936 2250 3962 alix

1190 3980 1343 4008 Tonfillam
1359 3979 1510 4006 nominant.

1134 4024 1179 4052 105
1227 4022 1245 4043 Ρ
1255 4023 1275 4044 R
1284 4023 1303 4044 Υ
1313 4022 1336 4043 Τ
1348 4022 1372 4042 Α
1382 4021 1405 4042 N
1418 4016 1436 4041 ιῖ
1445 4022 1465 4042 ν
1476 4021 1516 4051 Μ,
1535 4014 1554 4042 i.
1573 4023 1600 4042 n.
1637 4013 1651 4049 [
1660 4013 1814 4050 Πρυτάνεων]
1851 4012 1925 4040 Locus
1932 4015 1988 4036 erae
1994 4006 2135 4034 Athenisi'n
2148 4015 2204 4032 arce
2211 4005 2250 4030 di-

1346 4060 1362 4085 7
1398 4051 1425 4078 G
2160 4038 2249 4075 rmffi-
