2517 4231
273 208 350 248 443
718 196 931 236 NIN

273 293 334 311 rum
342 304 351 317 ‚
369 291 417 320 per·
429 285 635 320 translationem,
650 293 695 322 pro
713 286 820 313 Tantam
833 286 925 320 copiam
938 284 1051 320 rosarum
1064 283 1193 320 effundere
1200 291 1224 310 ee
1236 283 1335 320 adsper-

270 329 349 355 gere,
369 328 398 346 vt
411 321 514 356 ningere
526 323 671 348 videantur.
744 322 847 347 Lucret.
864 330 886 352 2,
900 322 944 352 627
976 320 1104 354 Largifica
1124 320 1190 355 stipe
1204 319 1333 352 ditantes,

275 356 444 392 ninguntque
457 357 576 384 rosarum
591 357 724 384 Floribus.
781 357 836 382 Vid.
852 356 953 381 Geuart.
967 365 989 382 c.
1006 364 1026 387 ¹3
1055 357 1091 382 ad
1102 356 1164 383 Stat.
1186 356 1251 383 Silu.
1268 366 1293 389 1,
1313 365 1334 389 3.

276 391 369 426 Paffiu.
409 393 488 427 Apul.
503 392 604 420 Florid.
619 402 629 420 1
648 392 718 420 Istud
732 391 854 426 spatium,
868 399 922 425 quo
935 391 1038 426 pluitur
1050 398 1076 418 et
1090 392 1220 426 ningitur.

313 433 519 460 NiNva,
539 429 568 457 is.
595 429 614 455 f.

275 463 387 491 dicimus.
424 465 551 497 [νιφετοῦ
570 465 657 497 νιφὰς]
709 462 813 487 Lucret-
835 463 868 495 6,
889 463 934 495 736
967 462 1047 489 Albas
1066 463 1193 490 decedere
1214 465 1260 490 nin
1280 473 1334 490 ues.

276 499 354 534 Apul.
368 499 396 526 in
418 510 425 526 1
447 501 630 534 Hermagora,
656 497 750 531 Aspera
766 497 853 523 hiems
873 504 945 532 erat,
972 499 1064 526 onmia
1081 500 1180 535 ningue
1199 509 1261 526 cane
1282 507 1335 526 ant.

281 536 336 562 Vid.
350 535 452 563 Charis.
468 546 474 561 1
496 545 520 570 p.
535 545 568 567 7¹·
604 540 629 560 et
641 532 764 559 Priscian.
779 537 793 559 6
806 542 831 568 p.
839 541 898 568 724.
953 534 1026 563 Seru.
1039 535 1072 562 ad
1086 536 1161 570 Virg.
1178 538 1337 568 Aen.4,250.

311 578 352 599 N1
364 579 387 598 N
397 577 419 598 G
429 578 448 597 V
459 570 473 598 ἴ
483 578 501 597 D
511 577 531 596 V
540 576 569 602 S,
589 577 618 602 ὃ,
638 577 693 595 um.
728 568 791 595 Adi.
827 569 984 611 [wssfffffl'ssnsy
1005 570 1139 612 wsswfss‘ic]
1187 572 1205 598 i.
1222 572 1336 611 Νίκα-[ἂι.

275 607 373 634 Auson.
389 607 467 641 Epist.
487 614 534 638 24,
553 606 585 637 69
620 604 734 631 Barcino
753 614 797 631 me
817 604 942 633 bimaris:
969 616 1031 639 iuga
1050 606 1181 642 ninguida
1200 609 1336 639 Pyrenaei.
1352 615 1380 633 ιο

275 643 381 678 Oppida
395 643 534 669 lberorum
564 640 692 674 ninguida
728 641 794 668 [bid.
809 650 835 667 v.
847 650 901 676 124·

274 679 429 713 Ninguidus
443 679 537 703 Boreas
562 676 686 703 Prudent.
701 677 843 712 Apotheos.
858 681 915 709 065.

274 715 370 750 guidus
396 712 467 739 Idem
480 711 634 738 Cathemer.
646 721 669 748 ς,
687 721 727 747 97.

312 754 489 788 ΝιΝΟΟῐι,
508 747 573 775 oris.
608 757 644 775 m.
701 749 779 783 Apul.
798 748 831 776 de
851 749 956 776 Mundo
974 759 999 784 p.
1013 752 1040 776 61
1075 749 1139 776 Eam
1157 749 1336 786 tempestatem

272 795 321 813 nos
337 792 477 817 ningerem
492 792 628 810 vocamus.

310 828 333 847 N
344 828 353 846 1
364 826 384 845 N
395 817 501 846 GVLV
512 826 540 850 S,
565 820 673 848 Nullus.
717 821 818 848 Ennius
837 822 906 857 apud
926 822 991 849 Fest.
1029 821 1072 849 Ne
1090 821 1216 858 ningulus
1233 823 1337 850 mederi

272 861 356 892 queat.
414 856 550 891 Cognatum
564 866 650 882 nomen
668 856 800 891 Singulus.

311 898 334 918 N
347 897 481 922 1N1VE‚
502 900 538 918 ες.
557 892 577 919 f.
616 892 729 926 [Nimim
750 893 840 927 Νίνος]
882 892 1124 928 VibsAffyriorum.
1178 894 1338 928 Augustinus

271 928 305 954 de
328 927 389 954 Ciu.
404 927 454 953 Dei
475 936 500 957 ις
529 928 644 955 Niniues
659 928 775 955 ciuitatis
790 937 916 962 magnae,
937 929 1025 955 Ninus
1043 928 1099 954 Beli
1113 929 1183 956 filius
1197 930 1338 960 conditor,

958 637 1026 670 Adll.
1058 642 1096 670 Id.
1126 643 1206 677 Epist.
1230 652 1276 677 25,
1303 653 1335 673 5¹-

985 679 1082 714 Implet
1095 678 1175 705 castra
1190 678 1264 708 cibus
1278 680 1336 706 nin-

272 971 371 990 nomen
385 971 417 989 ex
429 963 503 989 illius
516 965 627 991 nomine
640 964 791 991 deriuatum
805 964 857 995 est,
883 970 913 990 vt
932 973 946 990 a
965 964 1041 991 Nino
1063 964 1168 992 Niniue
1186 973 1337 992 vocaretur.
1352 976 1384 994 20

272 1001 304 1025 Et
318 1000 408 1035 Populi
420 1000 448 1024 in
460 1009 488 1025 ea
502 1000 658 1034 habitantes,
685 1000 843 1033 Niniuitac,
861 1001 988 1027 dicuntur.

270 1036 354 1064 Mare.
368 1043 391 1068 2,
407 1044 435 1061 ιι,
470 1042 494 1061 et
514 1036 640 1063 Prudent.
654 1036 731 1063 cath.
752 1046 782 1071 7,
797 1045 841 1069 131.

308 1077 331 1096 N
342 1079 351 1098 1
362 1078 383 1097 Ν
395 1078 418 1097 N
428 1078 438 1097 1
448 1077 469 1096 V
479 1077 508 1104 S,
519 1072 575 1104 ſsue
596 1081 616 1100 Ν
627 1080 637 1099 1
646 1080 667 1099 N
677 1080 699 1098 N
709 1079 729 1098 V
741 1079 754 1098 S
764 1093 771 1105 ‚
792 1073 810 1098 i.
836 1082 872 1099 m.
916 1073 1015 1098 Parum
1029 1082 1118 1107 equus,
1139 1074 1184 1108 qui
1198 1081 1222 1100 et
1236 1074 1336 1100 Hinmas

270 1107 383 1140 dicitur,
402 1116 432 1132 ex
446 1108 541 1133 Graeca
552 1113 634 1142 γέννας,
652 1115 684 1134 vt
695 1110 763 1134 docet
771 1109 864 1144 Scalig.
880 1109 915 1134 ad
927 1108 1021 1135 Manil.
1030 1118 1042 1139 5
1051 1119 1075 1143 p.
1083 1119 1131 1143 390
1145 1109 1208 1136 edit.
1217 1110 1336 1137 Boecler.

272 1143 355 1169 Gloss'.
368 1143 428 1169 Vct.
444 1143 547 1177 Popus,
566 1148 649 1171 viv-nm.
720 1145 858 1171 Maecenas
879 1143 910 1170 ad
942 1145 1011 1171 Hor.

271 1178 379 1206 Ninnio
394 1178 483 1205 videas
497 1178 685 1214 strigofiorem.
726 1182 781 1207 Vid.
795 1181 930 1207 Lindenbr.
943 1182 977 1206 ad
989 1181 1122 1208 Cataleeta
1136 1191 1162 1216 p.
1177 1191 1229 1215 3²9·

310 1223 332 1241 N
343 1221 353 1240 1
363 1222 385 1241 N
396 1222 416 1241 V
427 1221 456 1248 S,
477 1214 495 1241 i.
513 1224 549 1242 rn.
575 1216 682 1252 [Νίνος]
720 1216 798 1242 Filius
812 1217 883 1249 Beli,
900 1216 996 1251 primus
1010 1217 1167 1251 Aſjjriorum
1179 1227 1233 1244 rex.
1271 1219 1338 1244 Nam

270 1252 344 1278 Belus
352 1250 433 1286 solam
445 1252 533 1276 habuit
544 1252 689 1286 Babylonem
697 1262 705 1276 .·
724 1252 815 1279 Ninus
829 1261 888 1278 vero
900 1259 975 1278 totam
987 1254 1121 1287 Assyriam.
1176 1253 1217 1290 Est
1230 1261 1253 1280 et
1266 1255 1338 1280 vrbis

269 1296 364 1313 nomen.
436 1286 535 1312 Lucan.
550 1296 576 1320 3,
590 1297 628 1317 εις
673 1288 806 1315 Accedunt
826 1287 916 1320 Syriae
932 1289 1042 1323 populi,
1067 1289 1183 1317 desertus
1204 1290 1338 1324 Orontes,

269 1323 302 1350 Et
316 1322 383 1350 felix
404 1321 458 1357 (fic
472 1323 564 1358 fama)
586 1324 684 1351 Ninos.

685 1399 717 1432 N
797 1399 811 1429 Ι
894 1398 923 1429 O

306 1465 404 1495 Nic3i³
419 1473 457 1502 Ε,
477 1477 513 1494 es.
532 1468 552 1494 f.
591 1467 708 1505 [Νιέβη]

268 1504 424 1539 Amphionis.

264 1540 338 1575 filias
348 1540 463 1574 peperit,
481 1539 575 1574 summo
597 1542 682 1566 decore
692 1540 860 1576 praestantes:
898 1543 964 1566 vnde
984 1542 1033 1567 tali
1045 1542 1115 1576 prole
1129 1542 1273 1577 superbiens
1292 1543 1336 1566 ad-

269 1577 365 1601 modum
373 1575 550 1609 gloriabatur,
574 1575 604 1610 se
623 1577 731 1602 Latonae
745 1576 894 1611 praeferens
912 1586 1011 1602 numero
1024 1577 1156 1612 filiorum:
1193 1578 1275 1612 itaque
1295 1578 1337 1602 ira

268 1618 359 1636 moram
368 1611 476 1644 fabulae
489 1612 608 1637 Latonam
615 1612 710 1645 ferunt
722 1611 836 1647 Apollini
847 1619 872 1638 et
888 1613 996 1645 Dianae,
1015 1621 1045 1638 vt
1053 1613 1144 1639 Niobes
1150 1613 1219 1648 filios
1232 1620 1255 1639 et
1263 1613 1336 1648 filias

268 1656 329 1672 arcu
342 1646 526 1682 interficerent,
549 1647 690 1683 mandasti:
727 1648 812 1682 quibus
826 1650 904 1674 matri
921 1649 1155 1684 obtemperantibus,
1176 1651 1282 1684 contigit
1296 1657 1333 1674 eo-

268 1684 322 1708 dem
336 1688 442 1716 tempore
456 1688 480 1706 et
493 1684 621 1708 abundare
629 1684 697 1717 filiis
711 1684 824 1718 Nioben,
847 1691 872 1710 et
883 1694 976 1711 carere.

269 1717 320 1743 lore
334 1718 443 1743 attonita
457 1717 591 1750 obmutuit,
618 1728 647 1743 ac
666 1719 748 1744 veluti
767 1719 919 1753 lapidescens
933 1721 1007 1746 malis
1029 1722 1148 1754 diriguit.

1046 1002 1120 1036 Cous.
1141 1002 1262 1030 Tertull.
1276 1002 1337 1030 adu.

748 1469 815 1495 Filia
832 1468 952 1499 Tantali,
971 1476 995 1495 et
1003 1467 1077 1504 soror
1091 1469 1204 1504 Palopis,
1222 1479 1335 1510 ‘uxorque

1207 1724 1233 1747 A
1252 1720 1336 1747 Statio

269 1752 335 1779 Silu.
350 1761 371 1785 ς,
386 1761 404 1785 ι,
417 1761 440 1784 33
474 1751 591 1787 Sipyleia
603 1760 689 1779 mater
700 1754 768 1780 dina
783 1754 890 1788 Niobe,
914 1755 1029 1790 quoniam
1037 1755 1113 1789 fm‘la
1120 1757 1216 1790 βψω,
1236 1758 1336 1782 turbine

269 1788 342 1814 venti
354 1790 381 1814 in
396 1788 506 1822 Sipylum
515 1790 628 1823 patriam
640 1796 714 1823 rapta
727 1789 774 1824 est,
798 1791 843 1816 vbi
851 1792 908 1825 fixa
921 1792 1047 1816 cacumine
1061 1792 1149 1817 montis
1168 1792 1292 1826 liquitur,
1312 1798 1336 1816 et

270 1824 384 1850 lacrimis
398 1825 472 1850 etiam
486 1832 550 1849 nunc
561 1834 689 1850 marmora
702 1833 814 1852 manans.
853 1827 969 1852 Fabulam
979 1826 1098 1859 Niobes,
1117 1827 1172 1854 vid.
1180 1829 1248 1862 apud
1254 1826 1338 1853 Ouid.

269 1860 335 1887 Met.
350 1861 374 1892 6,
390 1868 447 1891 270.
506 1860 580 1893 Confi
597 1861 700 1886 Aelian.
719 1862 778 1887 ναν.
793 1860 858 1897 Hist.
871 1870 909 1894 η,
920 1865 956 1894 36.
978 1870 1000 1887 et
1013 1862 1080 1888 Gcll.
1095 1871 1135 1895 20,
1150 1872 1172 1895 7.

269 1895 383 1959 sslgfitulr
399 1893 504 1959 lapgdea
521 1902 632 1931 propter
651 1902 805 1929 aeternum,
831 1897 926 1931 credo,
951 1898 980 1924 in
1004 1898 1080 1925 luetu
1104 1897 1237 1925 silentium
1279 1899 1336 1925 Cic.

303 1940 533 2002 ‘fidilis-³312
553 1975 583 2002 a,
599 1975 655 1995 um.
691 1968 752 1995 Adi.
795 1968 957 2003 [meme]

688 2040 722 2073 N
795 2040 809 2070 Ι
884 2042 907 2071 P

270 2003 359 2030 Carm-
372 2012 398 2034 4,
416 2004 442 2035 6,
462 2011 480 2027 ι.

268 2147 292 2174 A
308 2116 332 2137 N
343 2117 353 2136 ι
362 2116 378 2137 Ρ
389 2115 411 2137 Η
422 2117 445 2138 Α
454 2116 470 2137 Ε
481 2116 503 2138 v
515 2116 528 2136 s
536 2130 545 2145 ,
564 2109 584 2138 i.
602 2118 641 2137 m.
687 2109 747 2137 Viri
754 2110 887 2146 proprium
900 2109 932 2137 ab
944 2110 1013 2146 equis
1025 2094 1155 2146 interfiat*
1173 2111 1243 2147 apud
1259 2109 1337 2145 Virg.

294 2155 335 2175 en.
347 2156 391 2181 ιο,
410 2156 458 2180 570

1009 1970 1100 1997 Proles
1115 1969 1240 1998 Niobaea
1266 1970 1335 1998 Hor.

574 2196 621 2202 —-
657 2179 723 2215 quIn
743 2190 803 2208 ecee
829 2182 948 2217 Niphaei

426 2216 607 2252 Qiadriiuges
626 2215 654 2242 in
677 2225 776 2251 equos,
793 2217 954 2253 aduersaque
974 2218 1085 2252 pedion
1103 2217 1207 2245 tendit:

428 2256 515 2288 Atque
536 2253 579 2279 illi
598 2252 678 2286 longe
698 2252 879 2286 gradientem,
904 2260 930 2280 et
950 2253 1008 2280 dira
1031 2255 1192 2281 frementem

428 2291 465 2316 Vt
485 2288 593 2321 videre,
610 2295 682 2314 metu
703 2288 786 2322 νει-Ε,
807 2294 933 2323 retroque
954 2296 1078 2322 ruentes,

428 2324 632 2359 Effunduntque-
647 2323 755 2357 ducem,
775 2325 933 2359 rapiuntque
951 2325 983 2351 ad
1001 2325 1082 2352 litora
1102 2333 1206 2351 currus.

309 2363 439 2390 ΝΙΡΗᾸ
449 2368 471 2388 Τ
484 2367 500 2387 E
510 2368 539 2394 S,
558 2361 590 2388 is,
606 2370 641 2388 m.
685 2360 837 2396 [Νιφάτης]
875 2362 983 2387 Maioris
999 2361 1136 2386 Armeniae
1143 2361 1238 2400 flumin-1
1253 2357 1335 2394 estsu-

669 427 780 460 Antiqui
791 427 928 459 dixerunt,
956 428 1024 452 cuius
1037 428 1085 454 loco
1099 437 1164 454 nunc
1179 430 1249 460 Nix,
1270 428 1336 453 niuis
1357 435 1371 460 ς

686 786 798 811 Dixerat
810 787 840 811 cle
855 786 972 813 Niuibus.
1352 794 1377 821 ις

481 1506 563 1537 Haec,
583 1505 638 1540 risse
651 1506 760 1531 Diodoro
780 1506 861 1531 Siculo
878 1506 922 1531 lib.
938 1514 959 1538 5.
991 1505 1059 1540 filios
1078 1512 1098 1531 v
1109 1512 1158 1540 11,
1192 1513 1216 1531 et
1235 1508 1336 1531 totidem
1350 1517 1379 1544 35
1396 1509 1488 1534 omnia
1501 1515 1525 1535 et
1540 1508 1652 1535 incaute.

1391 1586 1441 1615 pro
1455 1582 1512 1607 Sed.

1817 195 2014 237 NIS
2373 207 2458 246 444

1397 287 1538 324 morcon,
1557 287 1604 316 nifi
1618 297 1693 315 eaues
1707 293 1736 315 tu
1749 287 1850 320 homo,
1875 286 1981 320 aliquid
2012 291 2091 321 gnato
2123 285 2248 314 conficies
2281 285 2345 312 mali
2385 284 2457 311 Ter.

1398 323 1491 350 Heaut.
1523 334 1553 358 5,
1579 335 1606 358 3,
1637 333 1655 352 ι.
1729 324 1786 351 Nifi
1800 323 1890 350 multis
1903 322 2041 349 blanditiis
2055 332 2070 349 a
2081 333 2123 350 me
2137 331 2209 358 gutta
2225 332 2279 349 non
2293 321 2361 348 ferri
2373 318 2459 355 potest

1397 358 1480 385 Plaut.
1496 360 1561 387 Rud.
1577 371 1600 394 2,
1608 371 1633 394 4,
1649 370 1691 387 20.
1734 379 1740 386 .
1762 359 1822 387 Nisi
1835 368 1918 386 vnum
1933 358 1984 385 hoc
1997 358 2092 385 faciam
2111 360 2150 387 Id.
2164 360 2223 386 Aul.
2232 368 2255 391 2,
2269 366 2296 394 7,
2309 367 2329 390 3.
2386 356 2458 383 Ter.

1397 393 1481 420 Andr·
1497 403 1518 428 5,
1533 406 1557 428 4,
1570 403 1602 430 48
1637 396 1720 424 Causa
1731 396 1833 431 optima
1846 394 1898 430 est,
1917 393 1965 420 nifi
1980 394 2045 428 quid
2058 401 2132 429 pater
2144 395 2217 422 aliud
2231 395 2276 421 ait.
2347 392 2405 420 Cic.
2425 390 2458 418 de

1398 429 1538 460 Amicit.32
1558 432 1655 458 Ortum
1671 432 1780 466 quidem
1792 431 1926 459 amicitiae
1939 429 2053 463 videtis,
2072 430 2120 457 nisi
2127 432 2191 466 quid
2198 431 2230 457 ad
2239 430 2301 457 haec
2314 429 2385 455 forte
2399 427 2459 454 vul-

1397 465 1438 493 tis.
1511 465 1569 492 Nisi
1582 467 1749 494 restituissent
1761 467 1870 500 statuas,
1889 466 2063 494 vehementer
2076 466 2109 493 iis
2124 467 2241 494 minatur
2270 466 2329 492 Cic.
2343 466 2420 491 Verr.
2434 471 2460 498 2,

1398 503 1450 528 162.
1522 501 1597 528 Idem
1610 501 1642 528 de
1656 504 1764 531 Amicit.
1779 514 1798 530 ιι
1845 503 1903 530 Nili
1920 502 1993 529 enim
2008 502 2238 530 immortalitatem
2254 508 2346 537 optare
2361 499 2460 532 vellet,

1398 536 1463 571 quid
1478 545 1533 563 non
1547 537 1583 563 est
1596 537 1716 573 adeptus,
1726 539 1798 574 quod
1810 539 1917 567 homini
1933 539 1973 566 fas
1984 539 2046 565 ess'et
2059 540 2170 573 optare!
2242 539 2280 566 Id.
2295 537 2361 564 ibid.
2369 546 2398 571 97
2427 535 2459 561 In

1399 582 1449 607 qua
1464 573 1513 599 nisi
1534 573 1583 605 (vt
1596 571 1715 609 dicitur)
1732 583 1852 610 apertum
1866 575 1957 611 peetus
1970 573 2076 608 videas,
2095 580 2224 608 tuumque
2238 573 2367 605 ostendas,
2388 570 2457 599 nihil

1397 609 1497 641 fidum,
1516 608 1585 635 nihil
1600 608 1768 643 exploratum
1781 611 1885 639 habeas.
1956 611 2025 638 Ter.
2040 610 2106 637 Eun.
2119 620 2141 641 5,
2154 612 2180 643 6,
2194 616 2223 640 28
2257 609 2323 636 Non
2344 607 2460 635 dubium

1398 645 1444 678 est,
1458 645 1524 680 quin
1537 644 1605 672 mihi
1621 653 1747 679 magnum
1757 654 1790 672 ex
1801 646 1850 674 hac
1864 656 1894 674 re
1906 646 1936 674 fit
1951 646 2070 679 malum,
2085 646 2134 673 nisi
2148 646 2211 680 quia
2228 646 2326 672 necesse
2341 644 2392 671 fuit
2407 643 2460 682 hoe

1397 681 1493 708 facere·
1565 681 1648 707 Plaut·
1663 679 1760 716 Amph·
1776 690 1800 715 2,
1811 691 1835 716 2,
1849 691 1880 717 54
1906 684 1993 710 Immo
2006 692 2020 709 e
2041 682 2131 709 uidem
2145 689 2186 714 te,
2207 681 2254 708 nisi
2270 690 2340 707 nunc
2350 701 2358 713 ‚
2377 678 2460 706 hod1e

1397 726 1528 752 nusquam
1542 717 1600 743 vidi
1612 716 1742 751 gentium.
1804 717 1886 751 Qiod
1898 725 1989 745 contra
2002 719 2029 745 su
2051 717 2143 746 fidium
2159 717 2225 751 fibi,
2245 717 2293 743 nifi
2308 716 2381 749 Quid
2394 716 2459 742 Bur-

1398 753 1462 780 rhus
1478 760 1504 780 ct
1524 753 1620 780 Seneca
1639 752 1885 788 expergiscerentur
1913 755 1983 782 Tac.
1996 756 2028 782 A.
2045 764 2087 788 14,
2105 764 2118 787 7
2129 774 2136 788 ,
2149 755 2193 779 vbi
2206 752 2235 780 τδ
2256 752 2322 788 quid
2340 756 2461 785 nugatam«.

1398 789 1575 817 Adscensurus
1589 798 1676 816 eram:
1713 788 1762 815 nisi
1777 788 1875 822 Qtod,
1893 791 2093 823 quum‘vincula
2109 799 2204 826 prorae
2217 789 2349 821 solueret,
2370 788 2398 814 in
2408 787 2464 821 spe-

1398 826 1464 851 culis
1479 826 1568 852 omnis
1583 824 1691 857 Abydos
1705 831 1760 851 erat
1781 823 1874 860 Quid.
1895 824 1959 851 Her.
1972 831 2011 857 ιε,
2025 837 2056 855 ιι.
2091 827 2111 853 i.
2133 826 2187 862 sed.
2259 823 2400 852 Manifesta
2417 830 2461 848 res

1398 861 1448 887 cst:
1485 861 1533 888 nisi
1545 861 1618 896 quod
1631 870 1745 888 occurro
1758 860 1849 896 prius,
1868 868 1902 886 ne
1910 860 1962 887 hoc
1975 870 2044 888 nunc
2058 863 2136 889 senex
2150 861 2268 889 resciscat
2291 860 2372 886 Plaut.
2380 858 2461 885 Most.

1397 906 1419 930 3,
1435 907 1454 930 1,
1469 903 1483 927 3
1520 898 1564 922 vbi
1580 897 1652 932 quod
1666 898 1787 923 abundat.
1860 895 1917 923 cie.
1932 896 1964 923 de
1973 897 2078 924 Amicit.
2091 901 2121 931 76
2141 898 2198 925 Nec
2211 897 2248 924 ob
2263 897 2341 923 aliam
2357 895 2460 921 causam

1397 932 1479 959 vllam
1494 932 1562 959 boni
1576 932 1726 968 improbis,
1746 931 1864 967 improbi
1879 931 1958 959 bonis
1972 933 2052 959 amici
2065 934 2113 960 esse
2126 943 2180 960 non
2196 934 2307 969 possunt,
2323 931 2371 958 nisi
2387 929 2461 965 quod

1397 974 1467 995 tanta
1479 968 1515 995 est
1528 969 1598 996 inter
1611 978 1657 996 eos
1666 990 1675 1003 ,
1695 975 1792 1004 quanta
1816 969 1932 996 maxima
1945 968 2028 1003 potest
2042 969 2106 1002 effe,
2132 978 2238 996 morum
2257 969 2462 1001 studiorumque

1397 1004 1528 1031 distantia.
1601 1005 1682 1032 Ouid.
1694 1004 1782 1032 Trist.
1796 1015 1819 1039 4,
1834 1014 1872 1038 10,
1886 1010 1914 1035 85
1940 1004 1966 1031 Si
1980 1011 2068 1031 tamen
2082 1005 2205 1031 extinctis
2218 1005 2335 1039 aliquid,
2355 1003 2461 1030 niiino-

1396 1041 1469 1067 mina
1479 1061 1487 1074 ,
1505 1040 1593 1068 restet.
1665 1041 1722 1068 Cic.
1730 1040 1811 1067 Acad.
1823 1052 1846 1074 4,
1859 1049 1876 1076 7
1893 1041 1991 1075 Neque
1998 1040 2102 1068 nostrae
2117 1040 2304 1074 disputationes
2313 1039 2462 1075 quidquam

1396 1076 1469 1103 alind
1483 1083 1583 1111 agunt,
1610 1077 1657 1104 nifi
1673 1083 1700 1104 vt
1713 1077 1742 1103 in
1757 1083 1897 1111 vtramque
1909 1082 2012 1112 partem
2027 1076 2142 1103 dicendo
2156 1082 2181 1102 et
2197 1076 2330 1102 audiendo
2343 1075 2462 1102 eliciant.

1397 1112 1477 1139 Nihil
1491 1113 1563 1140 aliud
1577 1113 1625 1139 nisi
1645 1113 1828 1139 Philumenam
1843 1113 1908 1139 volo
1937 1113 2006 1140 Ter.
2024 1111 2107 1139 Andr.
2121 1121 2151 1145 2,
2166 1121 2191 1145 ι,
2205 1114 2229 1138 6.
2264 1112 2281 1138 i.
2301 1113 2400 1148 Qum,
2419 1109 2464 1135 vel

1056 1145 1104 1171 Tu
1126 1152 1200 1172 tuum
1220 1145 1336 1172 sodalem
1345 1156 1376 1182 ες
1393 1155 1578 1189 praeterquam.
1622 1158 1624 1161 ’
1650 1149 1706 1176 Cic.
1721 1149 1752 1175 de
1766 1149 1874 1175 Amicit.
1890 1155 1915 1179 18
1931 1158 1972 1179 c.5
1996 1149 2057 1175 Hoc
2070 1149 2188 1184 primum
2202 1147 2301 1179 sentin,
2318 1146 2365 1173 nisi
2377 1146 2405 1172 in
2413 1146 2462 1173 bo-

1397 1194 1438 1211 ms
1454 1185 1598 1212 amicitiam
1612 1186 1661 1212 esse
1675 1195 1730 1212 non
1745 1186 1823 1221 posse.
1895 1185 1935 1212 Id.
1948 1184 2014 1211 ibid.
2031 1193 2057 1217 72
2087 1184 2168 1217 Quod
2182 1193 2235 1210 non
2245 1183 2302 1209 sere
2313 1182 2464 1216 contingit,

1396 1220 1445 1246 nisi
1459 1220 1510 1254 his,
1525 1221 1572 1256 qui
1587 1221 1667 1248 etiam
1686 1220 1894 1248 contemnendos
1908 1222 1932 1248 se
1951 1220 2125 1248 arbitrantur.
2205 1218 2348 1253 Numquid
2380 1218 2463 1252 igitur

1393 1264 1504 1290 oportet
1518 1257 1565 1283 nist
1579 1263 1632 1284 tres
1644 1258 1726 1284 sortes
1740 1258 1858 1290 coniici,
1875 1266 1954 1284 vnam
1969 1257 2063 1284 educi3
2100 1255 2186 1288 nihil,
2206 1256 2304 1282 conjici
2323 1254 2396 1280 iubet
2409 1260 2463 1279 tres

1397 1292 1436 1319 ld.
1451 1294 1528 1319 Verr.
1536 1302 1558 1327 2,
1574 1301 1624 1328 127.
1699 1294 1768 1321 Ter.
1782 1294 1865 1320 Andr.
1881 1303 1905 1327 1,
1922 1302 1945 1328 5,
1960 1303 1982 1327 ¹³
2003 1292 2166 1328 Repudiatus
2180 1298 2296 1326 repetor.
2333 1289 2464 1325 quamob-

1347 1339 1380 1365 30
1399 1337 1472 1362 rem,
1493 1329 1541 1355 nisi
1563 1329 1580 1355 fi
1600 1329 1626 1356 id
1639 1329 1676 1355 est
1691 1329 1764 1364 quod
1781 1330 1916 1365 suspicor,
1933 1328 2036 1364 aliquid
2049 1327 2161 1355 monstri
2175 1328 2259 1354 alunt.
2297 1326 2465 1359 Conftplaut.

1397 1366 1469 1391 Men.
1484 1374 1503 1395 ι,
1514 1374 1537 1398 2,
1553 1374 1588 1392 22.
1612 1373 1636 1391 et
1650 1365 1721 1392 Flor.
1735 1375 1759 1397 4,
1772 1375 1785 1398 7
1799 1373 1865 1392 extr.
1938 1364 2072 1399 Quintffil.
2087 1374 2105 1398 ι,
2118 1373 2134 1396 9
2160 1364 2252 1390 poetas
2265 1362 2345 1389 metri
2362 1361 2464 1388 necessi-

1396 1407 1434 1427 tas
1448 1402 1568 1434 excusat,
1607 1400 1655 1427 nisi
1676 1400 1694 1427 fi
1712 1400 1819 1435 quando
1839 1400 1909 1427 nihil
1931 1401 2095 1436 impediente
2109 1400 2137 1426 in
2150 1406 2266 1434 Vtroque
2279 1398 2464 1425 modulatione

1397 1437 1493 1471 pedum
1508 1437 1621 1463 alterum
1634 1437 1745 1463 malunt.
1802 1437 1875 1470 Conf.
1895 1437 2029 1464 Columel.
2044 1447 2058 1468 4
2077 1443 2142 1463 extr.
2216 1435 2273 1463 Nisi
2283 1456 2292 1469 ,
2314 1441 2362 1470 per
2370 1441 2464 1471 paren-

1397 1473 1476 1505 thtfin
1487 1473 1599 1507 positum.
1654 1472 1712 1500 Cic.
1726 1474 1778 1499 Art.
1794 1480 1820 1508 7,
1835 1481 1862 1498 10
1888 1471 1980 1499 Adhuc
1995 1478 2066 1499 certe
2090 1470 2156 1505 (nifi
2170 1480 2221 1506 ego
2235 1471 2357 1502 insanio)
2386 1469 2463 1509 stulte

1725 1509 1794 1536 Ter.
1809 1507 1921 1543 Adelph.
1931 1518 1949 1542 ι,
1964 1518 1986 1539 2,
1999 1517 2025 1541 73
2057 1508 2121 1535 Ecce
2138 1514 2226 1534 autem
2249 1508 2281 1534 de
2295 1507 2400 1540 integro
2413 1504 2466 1531 nisi

1396 1542 1529 1578 quidquid
1542 1543 1570 1570 id
1583 1545 1637 1578 est,
1662 1545 1727 1572 volo
1745 1544 1820 1571 scire.
1878 1545 1951 1578 Conf.
1974 1544 2055 1573 Plaut.
2071 1551 2096 1570 et
2113 1545 2167 1570 vid.
2184 1543 2265 1580 paullo
2282 1542 2337 1579 post
2355 1542 2383 1567 in
2403 1539 2464 1568 Nifi

1587 1581 1646 1607 Nisi
1661 1581 1720 1615 quis
1734 1590 1782 1606 nos
1797 1580 1861 1607 deus
1873 1580 2018 1615 respexerit
2049 1580 2106 1607 Cic.
2121 1580 2175 1607 An.
2192 1589 2211 1613 1,
2225 1589 2246 1612 ¹3
2269 1580 2346 1613 (ιδ).
2423 1576 2464 1604 Id.

1396 1616 1479 1642 Tusc.
1494 1625 1514 1649 ι,
1527 1625 1555 1650 75
1579 1616 1652 1643 Nam
1666 1617 1731 1651 quid
1746 1616 1817 1643 aliud
1824 1617 1936 1652 agimus,
1951 1625 2033 1651 quum
2047 1624 2061 1642 a
2074 1616 2229 1650 voluptate,
2248 1615 2277 1642 id
2290 1614 2326 1641 est
2339 1623 2353 1641 a
2370 1621 2466 1648 corpo-

1396 1660 1443 1686 re,
1464 1661 1547 1686 quum
1560 1661 1575 1679 a
1588 1662 1617 1679 re
1630 1652 1774 1686 familiari,
1800 1661 1867 1687 quae
1881 1652 1917 1680 est
1935 1652 2056 1679 ministra
2069 1658 2094 1679 et
2108 1652 2209 1678 famula
2222 1651 2357 1687 corporis,
2378 1658 2465 1684 quum
2492 1648 2513 1681 *ᾗ

1038 1687 1061 1710 V
1059 1687 1106 1710 mle
1122 1692 1184 1720 prae
1203 1686 1281 1710 niuno
1294 1686 1335 1710 1²0-
1345 1699 1384 1723 40
1396 1696 1410 1713 a
1424 1689 1533 1722 negotio
1547 1689 1622 1715 omni
1635 1690 1787 1716 seuocamus
1807 1689 1945 1723 animum,
1967 1688 2036 1723 quid
2057 1689 2166 1723 inquam
2186 1695 2244 1715 tum
2264 1688 2383 1723 agimus,
2413 1683 2465 1712 nifi

1395 1724 1517 1750 animum
1525 1724 1557 1751 ad
1571 1723 1690 1759 seipsum
1703 1725 1849 1751 vocamus?
2029 1722 2051 1763 fl
2072 1734 2084 1751 2
2121 1723 2179 1752 Nifi
2193 1733 2277 1757 vero,
2298 1722 2357 1750 Nifi
2374 1722 2464 1754 forte,

1396 1760 1456 1786 Nifi
1470 1767 1556 1786 tamen
1565 1778 1574 1791 ‚
1595 1760 1687 1794 quoties
1699 1761 1727 1785 in
1738 1761 1996 1793 augttunentationibus
2002 1760 2115 1794 subieHa
2129 1760 2177 1795 est,
2196 1760 2376 1795 absurditatem
2383 1766 2464 1792 quan»-

1396 1797 1456 1822 a'am
1463 1795 1535 1831 sequi
1541 1796 1686 1831 significat,
1714 1804 1745 1821 ex
1756 1794 1902 1829 sententia,
1924 1804 1987 1828 quae
2006 1794 2100 1830 mgflrae
2118 1797 2227 1829 oppa-»lita
2247 1795 2287 1830 est.
2359 1795 2416 1821 Cic.
2430 1793 2465 1819 de

1398 1831 1456 1857 Seu.
1480 1837 1503 1860 18
1549 1835 1605 1857 dum
1625 1830 1773 1866 smm‘lutem
1791 1839 1884 1864 quoque
1900 1829 2018 1860 affin-acan
2030 1837 2054 1855 et
2067 1829 2228 1864 reipublicae
2240 1831 2327 1856 vtilem
2340 1830 2464 1865 ostendit,

1244 1863 1336 1889 Niobe
1348 1876 1382 1902 45
1398 1866 1455 1893 Nisi
1469 1867 1540 1893 forte
1554 1876 1605 1901 ego
1619 1865 1697 1893 vobis
1733 1881 1780 1887 —--
1800 1866 1895 1892 cess'are
1912 1874 1983 1892 nunc
2001 1865 2116 1901 videor,
2142 1873 2202 1891 cum
2222 1864 2292 1892 bella
2311 1873 2365 1891 non
2387 1873 2464 1898 gero.

1398 1903 1453 1929 Cic.
1469 1903 1547 1930 Acad.
1563 1914 1586 1937 4,
1600 1908 1629 1934 88
1662 1901 1721 1929 Nifi
1736 1910 1802 1928 vero
1816 1901 1933 1928 Ennium
1955 1910 2010 1927 non
2024 1908 2147 1936 putamus
2160 1901 2195 1927 ita
2208 1907 2293 1927 totum
2310 1900 2376 1926 illud
2388 1899 2465 1939 audi-

1396 1939 1470 1966 visse.
1545 1939 1618 1966 Idem
1631 1938 1663 1965 de
1677 1939 1743 1965 Fato
1756 1947 1782 1971 37
1802 1947 1823 1965 c.
1839 1940 1864 1964 16
1899 1936 1958 1965 Nisi
1972 1938 2043 1963 forte
2057 1937 2180 1963 volumus
2194 1936 2387 1970 Epicureorum
2405 1942 2465 1969 ομι-

1396 1974 1507 2001 nionem
1521 1975 1603 2009 sequi.
1676 1973 1749 2001 Idem
1762 1974 1792 2000 in
1806 1973 1904 2000 Milon.
1931 1972 1989 2001 Nisi
2002 1973 2073 2000 forte
2089 1973 2254 2006 dementem,
2274 1979 2321 1998 etc.
2382 1969 2468 2006 Qass

1397 2011 1482 2040 dicat,
1509 2012 1587 2046 Qod
1604 2009 1637 2045 est
1654 2010 1784 2044 absurdum
1801 2015 1906 2044 putare:
1943 2010 2042 2044 ideoque
2068 2008 2170 2035 minime
2200 2008 2229 2034 id
2257 2008 2393 2043 putandum
2423 2005 2466 2042 est.
2506 2032 2510 2046 ,k

1348 2053 1382 2079 50
1396 2046 1480 2077 Qum
1499 2046 1689 2069 declarationem
1709 2044 1860 2070 Columella
1874 2043 1989 2079 expreffit
2003 2055 2014 2077 3
2024 2065 2033 2077 ,
2049 2055 2075 2071 ιο
2109 2044 2181 2072 Nam
2195 2043 2213 2070 fi
2226 2043 2361 2078 sagittam,
2386 2042 2414 2070 id
2426 2041 2465 2069 est

1397 2078 1562 2110 superiorem
1576 2083 1678 2111 partem
1690 2078 1820 2111 malleoli,
1830 2079 2033 2112 vituperandam
2041 2081 2195 2111 censebant,
2213 2088 2296 2113 quum
2305 2080 2364 2105 esset
2372 2079 2465 2105 cadem
2482 2079 2483 2082 ’

1397 2121 1456 2146 pars
1477 2112 1575 2138 surculi
1592 2112 1734 2146 frugiferi:
1771 2119 1870 2147 quanto
1881 2113 1964 2148 magis
1977 2114 2018 2140 vel
2040 2123 2073 2140 ex
2091 2116 2193 2149 optima
2206 2115 2270 2141 vitis
2285 2120 2360 2149 parte
2371 2121 2465 2140 natum

1398 2148 1540 2182 flagellum,
1549 2147 1566 2174 fl
1580 2149 1616 2174 est
1630 2148 1728 2182 sterile,
1749 2148 1932 2184 improbatum
1945 2148 1978 2175 ab
1990 2148 2032 2175 his
2045 2155 2115 2177 ratio
2123 2150 2178 2184 ipsa
2192 2148 2324 2176 declarat?
2360 2149 2419 2177 Nisi
2428 2155 2465 2176 ta·
2510 2164 2513 2167 ·

1397 2193 1460 2210 men
1481 2184 1572 2219 (quod
1586 2184 1621 2210 est
1635 2184 1796 2216 absurdum)
1814 2184 1995 2218 crediderunt,
2009 2185 2035 2212 id
2050 2186 2205 2213 translatum
2219 2193 2244 2213 et
2253 2185 2465 2212 absciss'umasua

1351 2231 1381 2258 55
1397 2220 1493 2255 stirpe,
1526 2219 1733 2254 destitutumque
1757 2227 1881 2248 materno
1906 2221 2035 2248 alimento
2059 2221 2239 2257 frugiferum,
2270 2223 2343 2258 quod
2362 2222 2391 2248 in
2408 2220 2464 2256 ipsi!

1398 2263 1484 2283 matre
1514 2264 1629 2289 nequam
1649 2256 1745 2283 fuiffet.
1801 2256 1874 2290 Quid
1902 2262 1945 2289 tu,
1973 2257 2088 2289 malum,
2116 2266 2206 2290 (ιιι-εις,
2238 2264 2330 2284 vtrum
2350 2256 2465 2285 crudum

1396 2301 1430 2319 an
1449 2291 1557 2318 toftum
1577 2291 1670 2319 edam?
1708 2292 1755 2319 nifi
1785 2298 1815 2319 tu
1839 2291 1909 2318 mihi
1928 2301 1955 2319 es
1977 2298 2050 2319 tutor
2098 2292 2181 2319 Plaut.
2213 2293 2273 2319 Aul.
2307 2302 2334 2324 3,
2364 2301 2395 2325 2,
2428 2300 2463 2322 ις.

1397 2329 1466 2354 Add.
1482 2328 1536 2354 Cic.
1552 2327 1583 2353 de
1598 2328 1661 2354 Nat.
1670 2329 1751 2355 Deor.
1766 2338 1789 2363 2,
1804 2334 1843 2359 158
1864 2330 1931 2361 c.63.
2003 2327 2136 2361 Quinctil.
2148 2337 2166 2361 t,
2186 2337 2229 2361 io,
2253 2329 2269 2355 6
2307 2326 2366 2355 Nisi
2388 2326 2463 2353 forte

1396 2363 1547 2389 antidotum
1560 2363 1668 2398 quidem
1683 2371 1761 2398 atque
1774 2365 1825 2390 alia
1834 2385 1843 2399 ,
1870 2373 1937 2398 quae
1949 2363 2052 2391 morbis
2065 2371 2108 2390 aut
2129 2363 2286 2390 vulneribus
2305 2362 2464 2394 medentur,

269 2405 317 2435 per
329 2398 473 2433 Afflrium‚
495 2407 540 2432 quo
553 2397 649 2423 nomine
660 2396 740 2422 diam
752 2395 784 2431 est
795 2406 863 2429 tuom
875 2397 1025 2429 Armeniae,
1047 2406 1078 2421 cx
1092 2406 1137 2430 quo
1156 2396 1242 2430 Tigris
1257 2395 1336 2430 ”assi—
1348 2402 1384 2427 60
1398 2408 1429 2425 ex
1443 2398 1533 2425 multis
1549 2405 1626 2432 atque
1640 2399 1751 2426 interim
1763 2400 1906 2426 contrariis
1923 2408 2030 2434 quoque
2050 2399 2121 2426 inter
2134 2400 2159 2425 se
2179 2397 2319 2425 effetffibus
2334 2397 2464 2432 componi

272 2443 332 2468 tur,
352 2441 383 2459 vt
397 2434 478 2467 refert
491 2434 586 2459 Strabo.
658 2432 734 2466 Virg.
749 2433 847 2466 Georg.
860 2441 882 2465 3,
898 2441 928 2464 30
956 2432 1058 2459 Addam
1072 2432 1151 2459 vrbes
1166 2431 1238 2458 Atiae
1251 2430 1337 2457 domi-

272 2476 327 2503 tas,
348 2469 504 2505 pulsumque
518 2468 673 2503 Niphatem.
731 2469 841 2494 litonum
854 2468 923 2493 dixit
933 2474 980 2503 pro
991 2469 1095 2504 populo:
1132 2467 1253 2501 intelligit
1273 2467 1338 2493 enim

273 2506 420 2538 Armenios,
444 2506 512 2540 apud
522 2514 579 2540 quos
592 2514 659 2531 muns
671 2502 703 2539 est
716 2503 857 2538 Niphates.
913 2504 1013 2531 Dimum
1028 2503 1059 2539 est
1076 2511 1157 2529 autem
1176 2502 1307 2537 Niphates
1323 2510 1339 2529 a

275 2541 389 2574 niuibus,
407 2540 456 2567 ὰπδ
471 2543 514 2571 τῆς
526 2542 633 2572 νιφάδος,
652 2541 695 2565 vel
715 2540 764 2567 ἰκπδ
783 2541 816 2567 τῦ
834 2544 909 2572 νὶφιιν.
982 2539 1094 2575 Rigidus
1107 2538 1238 2574 Niphates
1271 2540 1338 2565 Hor.

275 2578 363 2605 Carm.
382 2586 404 2607 2,
417 2585 443 2609 9,
456 2585 499 2603 20.
554 2576 628 2610 Conf.
643 2576 741 2602 Lucan.
754 2585 781 2609 3,
801 2585 852 2608 245.

312 2620 332 2639 N
344 2619 404 2639 IPH
415 2619 449 2646 E,
473 2621 508 2639 eS.
529 2612 549 2639 f.
585 2612 688 2646 [Nivq]
731 2614 783 2638 Vna
797 2621 827 2637 ex
842 2612 966 2638 comitibus
980 2611 1090 2645 Dianae,
1111 2621 1127 2636 a
1140 2610 1223 2637 niueo
1231 2611 1338 2636 candore

275 2648 405 2685 appellata.
479 2647 562 2675 Ouid.
574 2649 640 2675 Met.
653 2657 681 2682 3,
696 2655 735 2684 ¹7¹
765 2648 908 2683 Excipiunt
925 2647 1030 2674 laticem
1048 2647 1195 2683 Nipheque
1209 2646 1339 2681 Hypanis-

277 2694 328 2720 que
348 2684 509 2718 Rhanisque.

316 2727 339 2747 N
352 2727 413 2746 IPT
424 2727 491 2753 ΚΑ,
510 2729 598 2746 orum.
620 2729 646 2745 n.
677 2720 713 2747 Pl.
1224 2728 1240 2744 a
1259 2718 1341 2750 viz-7⁶⁴,

751 2719 869 2754 [νίπΊςα]
911 2719 1037 2745 Dicuntur
1059 2720 1173 2745 Lanae-ra
1179 2729 1188 2743 :

1397 2435 1520 2461 videmus
1545 2450 1592 2455 -—
1611 2441 1636 2460 et
1650 2441 1721 2461 muta
1736 2435 1862 2462 animalia
1875 2436 1962 2462 mellis
1976 2436 2053 2463 illum
2068 2434 2258 2462 inimitabilem
2273 2433 2404 2460 humanae
2422 2441 2467 2460 ra-

1397 2471 1468 2498 tioni
1483 2471 1601 2506 saporem
1616 2470 1694 2497 vario
1707 2471 1805 2498 florum
1819 2479 1847 2497 ac
1862 2471 1998 2498 succorum
2011 2480 2107 2506 genere
2122 2471 2278 2506 perficiunt:
2315 2478 2363 2496 nos
2383 2468 2464 2495 mira-

1398 2507 1506 2539 bimur,
1532 2507 1550 2533 fi
1571 2507 1674 2540 oratio,
1706 2516 1756 2541 qua
1772 2506 1841 2533 nihil
1867 2507 2040 2541 praestantius
2060 2506 2167 2533 homini
2187 2505 2260 2532 dedit
2277 2504 2462 2540 prouidentia,

1399 2543 1520 2577 pluribus
1536 2543 1636 2569 artibus
1651 2549 1709 2576 eget
1721 2551 1766 2570 etr.
1824 2544 1854 2568 Et
1867 2552 1922 2568 mox
1936 2552 1962 2574 23
1991 2542 2050 2569 Nisi
2063 2543 2136 2568 forte
2149 2542 2177 2567 in
2191 2541 2354 2568 carminibus
2361 2545 2464 2568 tantum

1352 2582 1383 2614 65
1399 2586 1424 2606 et
1438 2579 1465 2605 in
1480 2579 1587 2606 canticis
1601 2579 1717 2613 exigitur
1730 2578 1861 2605 structura
1877 2578 2006 2612 quaedam
2019 2584 2045 2604 et
2060 2578 2188 2604 inoffensa
2201 2577 2336 2612 copulatio
2349 2584 2466 2608 vocum,

1398 2615 1427 2641 in
1441 2615 1544 2649 agendo
1565 2615 1723 2650 superuacua
1743 2615 1798 2641 est:
1836 2621 1880 2640 aut
1900 2623 1955 2640 non
1974 2613 2132 2648 compositio
2147 2621 2172 2639 et
2192 2613 2271 2639 sonus
2290 2613 2320 2638 in
2340 2612 2466 2639 oratione

1399 2661 1508 2686 quoque
1523 2651 1612 2685 varie,
1631 2660 1681 2686 pro
1696 2659 1786 2677 rerum
1799 2650 1881 2677 modo
1895 2649 2036 2676 adhibetur
2047 2670 2055 2682 ,
2074 2649 2136 2676 licut
2150 2649 2179 2675 in
2193 2648 2298 2675 musice.
2356 2649 2389 2674 Et
2401 2657 2423 2680 2,
2443 2655 2468 2680 3,

1400 2690 1416 2714 6
1442 2687 1501 2714 Nifi
1515 2688 1585 2713 forte
1599 2689 1692 2713 Iouem
1707 2686 1815 2721 quidem
1829 2685 1934 2713 Phidias
1948 2686 2049 2721 optime
2063 2685 2143 2718 fecit,
2167 2685 2213 2711 illa
2231 2692 2335 2717 autem,
2355 2691 2422 2718 quae
2435 2682 2468 2709 in.

1400 2730 1588 2750 ornamentum
1603 2722 1691 2757 operis
1704 2722 1761 2748 eius
1774 2722 1909 2755 accedunt,
1930 2722 1995 2748 alius
2008 2721 2102 2748 melius
2116 2720 2283 2751 elaborass'et3
2319 2726 2364 2746 aut
2372 2725 2468 2746 orator

276 2759 341 2792 quod
345 2757 474 2790 fignificat
488 2757 556 2782 lauo:
594 2765 640 2791 quo
652 2756 748 2782 nomine
759 2756 828 2783 ditia
840 2755 875 2792 est
893 2756 1025 2791 tragoedia
1039 2755 1166 2788 Pacuuii,
1191 2763 1265 2790 quam
1277 2756 1340 2780 citat
1351 2768 1388 2796 70
1401 2759 1476 2794 loqui
1492 2759 1602 2788 nescim
1639 2764 1684 2785 aut
1705 2758 1819 2786 leuiores
1838 2758 1948 2785 morbos
1962 2766 2054 2784 curare
2066 2766 2121 2784 non
2139 2757 2240 2792 poterit
2253 2755 2371 2784 medicus
2390 2762 2469 2791 prae-

276 2792 335 2820 Cic.
350 2792 435 2820 Tusc.
450 2800 472 2825 2,
486 2798 516 2824 48
536 2801 559 2819 c.
574 2800 608 2818 21.

692 2831 725 2863 N
799 2831 813 2862 1
888 2831 937 2877 Q

313 2907 337 2926 N
347 2907 356 2927 1
365 2907 417 2940 ἣν
426 2907 435 2926 1
445 2907 457 2927 S
467 2906 485 2928 c
496 2907 504 2926 1
515 2907 536 2926 V
544 2907 554 2926 1
563 2906 599 2928 Τ.
655 2901 784 2928 Centuria
796 2902 898 2928 Romae
909 2910 924 2929 a
937 2900 1033 2928 Seruio
1054 2899 1155 2928 Tullio
1168 2909 1231 2935 rege
1245 2899 1341 2927 consti-

276 2941 349 2969 tuta,
378 2937 406 2963 in
420 2945 471 2970 qua
494 2936 584 2963 liceret
598 2936 624 2963 ei
642 2938 795 2973 suffragium
809 2938 881 2965 ferre
903 2937 950 2972 qui
970 2946 1025 2964 non
1045 2937 1142 2965 tuliffet
1161 2936 1191 2963 in
1209 2937 1270 2970 sua,
1295 2944 1341 2962 etc.
1357 2946 1390 2976 75
1402 2938 1519 2975 grinatio
1533 2947 1590 2964 mea
1604 2948 1652 2964 nos
1673 2938 1825 2972 diduceret,
1850 2937 1944 2965 maluit
1964 2938 2013 2964 esse
2033 2947 2093 2964 cum
2113 2944 2205 2964 matre.

278 2972 375 3000 festus.
412 2972 456 3008 qui
468 2972 507 2998 ita
520 2972 722 3008 interpretatur,
742 2974 801 3001 Nisi
814 2974 873 3009 quis
885 2973 973 3001 sciuit.

690 3047 913 3082 NIR

319 3124 342 3144 N
354 3125 363 3144 1
373 3125 391 3145 R
402 3124 448 3145 zv
460 3125 473 3145 s
484 3139 493 3153 ,
511 3118 595 3151 disyll.
615 3118 650 3147 ei.
669 3127 707 3146 m.
744 3117 865 3152 [Nm-oc]
901 3119 1011 3154 Charopi
1022 3119 1164 3154 etAglaiaee
1171 3117 1252 3152 filius,
1267 3117 1344 3143 Grae.
1356 3126 1390 3153 80
1404 3128 1435 3147 ex
1449 3127 1562 3153 corpore
1574 3125 1602 3145 ct
1615 3127 1711 3146 anima.

281 3164 363 3180 rorum
377 3158 500 3186 omnium,
519 3155 575 3191 teste
587 3156 705 3188 Homero,
725 3154 769 3189 qui
780 3156 816 3180 ad
830 3155 929 3180 Troiam
938 3156 1134 3190 nauigauerunt,
1148 3151 1342 3188 fiirmqfiffimus.

281 3190 362 3217 Ouid.
378 3199 409 3216 ex
424 3191 498 3217 Pont.
514 3201 537 3222 4,
553 3201 583 3224 13,
599 3193 624 3217 16
650 3191 725 3218 Tam
737 3189 806 3217 mala
818 3189 963 3216 Thersiten
980 3190 1138 3224 prohibebat
1153 3190 1239 3216 forma
1254 3189 1344 3221 latere,

281 3227 368 3259 Qtam
382 3226 491 3261 pulchra
504 3227 603 3253 Nireus
617 3225 817 3262 conspiciendus
831 3231 896 3253 erat.
969 3226 1086 3259 Propert.
1102 3235 1130 3258 3,
1144 3232 1168 3255 ιε
1177 3246 1185 3258 ,
1199 3235 1226 3258 27
1260 3226 1345 3252 Nirea

282 3271 337 3287 non
352 3262 447 3296 facies,
467 3271 523 3289 non
536 3263 576 3289 vis
589 3263 688 3290 exemit
701 3261 843 3291 Achillem.
913 3261 1030 3288 Vincere
1050 3262 1135 3288 Nirea
1154 3262 1242 3288 forma
1274 3262 1343 3288 Hor.

282 3297 364 3331 Epod.
379 3301 414 3331 16,
437 3307 472 3325 22.

322 3338 345 3357 N
359 3340 522 3368 ιιιΛΕνς,
542 3335 586 3360 vel
604 3334 772 3368 Νικιξνς,
793 3342 824 3364 a,
843 3342 899 3360 um.

282 3376 343 3393 reus
359 3377 425 3402 puer
437 3376 462 3396 et
476 3370 547 3396 sitire
565 3370 654 3397 discet.
702 3370 758 3397 Vid.
778 3371 904 3397 Bernard.
926 3369 1005 3396 Rutu.
1023 3377 1045 3394 c.
1062 3372 1085 3399 8.

283 3412 358 3437 μω,
420 3405 475 3431 Vid.
490 3406 522 3441 ts.
541 3407 604 3443 ναι·

707 3445 737 3477 N
811 3445 826 3476 Ι
898 3444 918 3475 S

954 3331 1051 3359 Catull.
1065 3340 1087 3358 ει
1097 3352 1105 3365 ,
1121 3341 1150 3358 ιο
1176 3331 1281 3358 Esurire
1295 3332 1344 3358 Ni-

1141 3368 1186 3394 Al.
1204 3368 1281 3394 Meus
1303 3377 1345 3394 me

1401 2794 1575 2822 stantiffimus.
1632 2797 1701 2821 Add.
1719 2803 1745 2827 3,
1762 2804 1788 2827 ς,
1800 2803 1821 2827 3.
1859 2803 1903 2827 io,
1922 2802 1952 2827 5,
1967 2796 1982 2820 6
2002 2801 2027 2820 et
2040 2803 2062 2827 7.
2100 2803 2132 2827 it,
2147 2802 2170 2826 ι,
2187 2801 2221 2819 12.
2409 2788 2430 2828 ff
2453 2798 2467 2823 3

1402 2834 1454 2858 Iam
1467 2831 1529 2857 alios
1541 2831 1599 2866 vsvs
1610 2832 1653 2861 τῆς
1669 2829 1727 2857 Nisi
1740 2831 1918 2867 petfequemur.
1971 2829 2139 2864 Affluerandi
2145 2829 2262 2863 furmula
2277 2827 2309 2864 est
2321 2826 2470 2855 Ouid.Me-

1400 2873 1497 2899 tam.2‚
1510 2876 1550 2899 5¹⁴
1577 2866 1710 2899 Memiar,
1729 2881 1775 2887 -
1794 2865 1842 2892 nifl
1859 2865 1983 2893 videritis
1997 2865 2081 2892 stellas
2095 2873 2139 2892 etc.
2172 2865 2299 2900 praedicit
2312 2871 2377 2890 cer-tu
2390 2863 2468 2897 fietu·

1402 2913 1465 2930 rum.
1522 2903 1562 2928 Si.-
1575 2902 1708 2935 Qtine'lil.
1722 2901 1750 2929 in
1763 2903 1886 2938 Corpore
1901 2901 2040 2936 proiecto,
2058 2901 2195 2934 Mentior,
2223 2900 2271 2927 nifi
2290 2909 2372 2935 quum
2392 2906 2472 2968 [sehr-es·-

2278 2938 2308 2962 ln
2343 2942 2417 2962 arent
2434 2944 2446 2960 e
2457 2944 2467 2960 ι

1400 2976 1461 3013 pom·
1473 2982 1556 3000 amat:
1593 2974 1657 3002 Ideo
1672 2975 1772 3009 Tageti
1785 2975 1898 3007 montis,
1915 2973 1963 3000 nifi
1977 2973 2143 3006 Laconibus,
2162 2942 2393 3006 difficillimaiuga
2406 2971 2470 2998 Sen-

1403 3011 1504 3040 Suasor.
1518 3019 1540 3037 2.
1598 3010 1761 3038 Liberorum
1771 3032 1779 3045 ,
1799 3010 1847 3037 nist
1860 3010 1989 3043 diuitiae,
2008 3009 2078 3036 nihil
2093 3014 2150 3036 erat
2177 3008 2257 3036 Plaut.
2272 3007 2346 3034 Men.
2360 3016 2388 3041 59
2397 3005 2470 3042 prol.

1403 3047 1475 3082 Conf.
1490 3047 1596 3074 Gronau.
1617 3050 1651 3072 ad
1668 3048 1692 3074 l).
1707 3048 1724 3073 l.
1745 3047 1875 3080 Breuiser,
1902 3046 1950 3072 nifi
1971 3047 2009 3072 hic
2026 3053 2070 3081 pro
2090 3045 2140 3072 Sed
2153 3044 2267 3080 ponitur.
2328 3044 2384 3070 Vid.
2402 3052 2429 3069 n.
2443 3051 2470 3074 4.

1403 3085 1482 3110 Varr.
1496 3082 1527 3108 de
1540 3082 1570 3109 L.
1585 3083 1614 3109 L.
1628 3088 1641 3113 8
1658 3089 1700 3117 pr.
1732 3082 1791 3111 Nisi
1806 3082 1824 3109 fi
1838 3090 1893 3108 non
1907 3081 1942 3108 cst
1957 3082 2042 3109 homo
2055 3090 2088 3108 ex
2105 3081 2209 3108 anima:
2245 3079 2319 3114 quod
2333 3078 2369 3105 est
2382 3078 2470 3104 homo

1651 3119 1655 3122 ⁴
1868 3115 1888 3155 ff
1910 3129 1924 3151 4
1961 3119 2084 3152 Frequens
2098 3128 2109 3143 e
2122 3117 2131 3142 l
2145 3116 2203 3143 Nisi
2212 3136 2220 3149 ,
2237 3122 2284 3151 pro
2298 3116 2355 3141 Sed.
2449 3149 2454 3153 ¹

1404 3158 1457 3184 Att.
1471 3164 1501 3187 ιι,
1515 3163 1541 3187 23
1566 3155 1642 3182 Tuas
1656 3155 1745 3181 literas
1758 3153 1942 3188 expetbhbam:
1979 3153 2028 3181 nist
2042 3153 2089 3179 illu
2121 3152 2230 3188 quidem
2250 3150 2365 3181 mutari,
2388 3149 2407 3176 fi
2421 3150 2472 3176 ah-

1403 3198 1445 3220 ter
1457 3190 1491 3218 est
1504 3199 1533 3217 ac
1547 3196 1670 3225 oportet,
1688 3200 1742 3217 non
1757 3190 1837 3217 video
1852 3190 1931 3225 potse.
2003 3188 2042 3216 id.
2055 3189 2127 3215 Fam.
2143 3197 2180 3220 ι3,
2192 3196 2200 3213 ι
2225 3187 2283 3214 Nec
2295 3195 2342 3213 cur
2355 3185 2402 3213 ille
2412 3192 2470 3212 tan-

1406 3233 1497 3263 topere
1510 3226 1666 3259 contendat,
1687 3227 1784 3260 video,
1805 3236 1852 3253 nec
1868 3235 1915 3252 cur
1927 3231 1955 3252 tu
1968 3233 2112 3259 repugnes:
2149 3222 2197 3250 nisi
2211 3230 2300 3249 tamen
2318 3222 2405 3248 multo
2417 3222 2470 3248 mi-

1406 3273 1454 3291 nus
1468 3262 1518 3289 tibi
1530 3263 1640 3289 concedi
1656 3263 1754 3296 potest,
1775 3271 1855 3296 quam
1870 3262 1929 3296 illi,
1955 3260 2078 3286 laborare
2090 3259 2143 3286 fine
2157 3260 2239 3286 causa.
2320 3259 2409 3284 Eodem
2424 3257 2469 3284 lib.

1361 3307 1390 3336 83
1408 3309 1434 3334 73
1462 3300 1500 3326 De
1515 3307 1543 3324 re
1563 3298 1631 3325 nihil
1647 3299 1747 3332 polium
1762 3299 1897 3325 iudicare:
1934 3296 1982 3323 nisi
1995 3295 2061 3322 illud
2076 3295 2146 3322 mihi
2166 3301 2237 3322 certe
2258 3293 2418 3329 persuadeo,
2441 3297 2470 3318 te

1407 3337 1484 3363 talem
1497 3335 1587 3361 virum
1601 3334 1670 3360 nihil
1685 3341 1784 3361 temere
1799 3333 1894 3360 fecisse.
1967 3331 2110 3358 Succedere
2130 3332 2153 3358 is
2173 3330 2299 3358 naturalis
2318 3336 2391 3369 pater
2405 3337 2469 3368 'non

1406 3371 1506 3408 potest,
1527 3369 1573 3396 nisi
1588 3369 1737 3404 fiduciarii,
1755 3379 1769 3396 a
1785 3378 1840 3403 quo
1855 3367 2001 3395 manumissi
2016 3368 2073 3394 sunt
2092 3368 2172 3395 Caius
2187 3368 2242 3395 ict.
2260 3376 2265 3392 ι
2288 3365 2371 3394 Instit.
2391 3370 2432 3390 tlt·
2448 3365 2471 3390 6

1407 3410 1432 3442 §.
1448 3407 1493 3435 vlt.
1546 3407 1613 3433 Adcl.
1630 3407 1695 3433 Cato
1708 3405 1740 3433 de
1755 3406 1784 3432 R.
1794 3406 1823 3432 R.
1842 3412 1866 3430 et
1878 3406 1913 3429 ad
1925 3413 1977 3430 eum
1993 3405 2082 3438 Popma
2095 3413 2127 3436 49
2140 3410 2205 3430 extr.
2226 3404 2295 3436 (48,
2307 3403 2336 3440 3.)
2367 3399 2471 3426 Sallust.

1409 3447 1465 3479 lug.
1480 3452 1518 3476 ²4,
1532 3451 1544 3472 5
1555 3449 1579 3467 et
1593 3444 1641 3476 67,
1663 3451 1685 3475 3.
1759 3441 1827 3468 Ter.
1842 3441 1906 3466 Eun.
1922 3449 1950 3472 3,
1962 3448 1981 3472 4
2000 3446 2068 3466 extr.
2100 3439 2174 3473 Qid
2187 3438 2254 3466 illud
2266 3436 2328 3464 mali
2344 3435 2397 3461 est3
2423 3445 2470 3462 ne-

1360 3488 1396 3514 90
1408 3488 1479 3516 queo
1491 3480 1550 3506 sans
1563 3478 1655 3504 mirari
1666 3499 1674 3511 ‚
1693 3485 1780 3511 neque
1792 3476 1925 3503 coniiccre
1935 3496 1944 3509 ,
1970 3474 2018 3502 nisi
2031 3475 2163 3509 quidquid
2177 3475 2228 3510 est,
2253 3472 2345 3508 procul
2359 3472 2422 3498 hinc
2436 3471 2470 3497 li.

321 3519 343 3538 N
354 3519 362 3537 ¹
374 3518 402 3545 Sa
424 3522 472 3547 Pto
491 3513 596 3545 Nobis,
612 3522 687 3542 vetus
700 3514 830 3549 verbum,
850 3513 934 3549 inquit
948 3512 1045 3539 Festus.

321 3555 432 3581 N1SA,
453 3558 491 3576 ac.
514 3550 532 3576 f.
570 3553 661 3577 Nomen
676 3552 804 3583 Ρειηὶηηε,
836 3551 867 3576 de
885 3559 935 3584 qua
953 3550 1030 3584 Virg.
1050 3548 1103 3577 Ecl.
1125 3553 1157 3584 8,
1181 3549 1212 3575 26
1250 3548 1347 3584 Mopso

286 3583 351 3611 Nisa
371 3584 460 3610 datur:
496 3586 559 3619 quid
575 3595 628 3613 non
642 3588 773 3621 speremus
787 3586 921 3613 amantes3

323 3626 494 3651 ΝιῖςΛι-Ἒ,
530 3623 584 3648 vid.
613 3629 634 3648 N
648 3628 784 3650 [sart.

324 3662 346 3681 N
359 3663 367 3681 1
379 3662 390 3680 S
401 3662 421 3681 Α
433 3662 448 3681 E
462 3664 482 3682 Λ
493 3677 500 3688 ,
520 3666 558 3683 ae.
577 3658 595 3685 f.
633 3659 760 3692 [Nimia]
796 3657 948 3691 Parthyenes
961 3656 1110 3691 7·egt'v‚cuius
1121 3662 1194 3691 caput
1199 3655 1258 3689 fuit
1270 3657 1349 3682 Alex.
1361 3664 1394 3691 95
1411 3661 1467 3686 Non
1481 3658 1532 3692 nisi
1541 3655 1640 3692 prfitum
1653 3658 1740 3682 volunt
1752 3657 1862 3691 quidam.

285 3692 443 3725 andropolis,
474 3696 504 3716 ab
526 3695 675 3720 Alexanaro
694 3695 819 3720 contlitore
836 3694 873 3718 ita
893 3691 1024 3728 appellata.
1083 3693 1139 3718 VM.
1160 3693 1229 3718 Plin.
1254 3697 1284 3727 0,
1311 3697 1348 3720 26.

287 3728 356 3753 Haec
369 3727 438 3759 regia
450 3727 665 3762 praistantaeffimor
678 3731 759 3756 alebat
777 3738 865 3762 equos,
891 3729 934 3763 qui
947 3729 978 3754 ab
991 3738 1019 3754 ea
1040 3735 1062 3754 N
1072 3734 1081 3753 1
1091 3734 1103 3754 S
1113 3735 1134 3754 A
1144 3734 1161 3754 Ε
1171 3735 1182 3754 1
1198 3728 1349 3764 appellaban-

285 3770 343 3794 tur,
364 3761 420 3796 uste
434 3764 516 3789 Stmzlt.
531 3774 565 3789 ιι.
623 3766 695 3797 Confi
715 3766 847 3791 Ammian.
860 3773 894 3797 23,
910 3772 945 3791 2¹.

325 3804 347 3823 N
360 3804 419 3823 181.
457 3799 622 3825 Coniune'tio
649 3800 687 3833 [εἰ
700 3800 742 3833 pavi,
757 3799 789 3832 wi
804 3800 828 3831 ε’,
841 3799 873 3829 m?
888 3800 949 3833 sixt]
971 3799 1101 3835 fignificat
1109 3800 1204 3831 Sinon,
1223 3800 1266 3824 vel
1275 3801 1349 3826 Prae-

286 3841 406 3867 terquam.
479 3833 549 3860 Ter.
566 3836 660 3861 lleaut.
674 3846 697 3867 4,
712 3845 719 3860 1
732 3843 772 3870 pr.
838 3836 841 3839 “

286 3869 321 3895 cst
332 3868 452 3900 annulus,
468 3877 547 3902 quem
563 3880 613 3904 ego
628 3871 750 3905 suspicor.
825 3871 935 3897 Miseros
951 3872 1028 3898 illudi
1043 3872 1154 3903 nolunt,
1180 3871 1228 3897 nifi
1242 3871 1266 3897 se
1281 3872 1351 3898 forte

286 3904 386 3931 iaetant
410 3905 467 3930 Cic.
482 3904 514 3930 dc
527 3905 601 3932 Orat.
615 3916 636 3941 2,
651 3915 699 3938 237.
771 3907 841 3932 Ter.
858 3907 953 3933 Heaut.
969 3917 975 3933 ι
992 3928 999 3940 ,
1015 3918 1038 3940 ι,
1053 3916 1086 3939 90
1126 3906 1231 3934 Corrafi
1245 3909 1351 3943 omnia,

286 3941 409 3972 ancillas,
437 3941 542 3973 seruos,
575 3941 622 3966 nis·
643 3951 696 3973 cos,
722 3942 769 3975 qui
786 3951 867 3975 opere
885 3942 983 3968 rustico
999 3943 1125 3969 faciundo
1146 3943 1222 3970 facile
1236 3943 1350 3970 sumtum

286 3982 423 4003 exerceant
438 3977 521 4002 suum.
595 3977 668 4002 Hanc
678 3997 686 4008 ‚
705 3976 753 4002 niti
769 3986 858 4009 mors,
877 3977 945 4003 mihi
960 3979 1058 4005 adimet
1073 3987 1152 4005 nenio
1181 3979 1253 4006 Idem
1268 3979 1349 4007 Andr.

287 4021 316 4044 4²
332 4020 360 4044 ²2
376 4022 407 4044 ¹⁴·

1409 3516 1453 3543 bet
1467 3515 1538 3551 prius
1550 3513 1615 3548 quid
1628 3514 1657 3540 fit
1669 3512 1804 3540 sciscitari.
1858 3513 1927 3538 AAA.
1941 3511 2015 3537 Adel.
2030 3521 2049 3544 1,
2067 3520 2080 3537 2
2099 3518 2164 3538 extr.
2195 3511 2260 3537 Ecce
2277 3514 2364 3534 autem
2383 3506 2415 3534 de
2428 3507 2470 3533 in-

1407 3560 1500 3588 tegro:
1536 3548 1583 3576 niti
1603 3549 1733 3584 quidquid
1754 3548 1808 3582 est,
1837 3547 1902 3574 volo
1923 3547 1999 3574 scire.
2072 3546 2192 3573 Clarkius
2209 3547 2245 3571 ad
2260 3544 2336 3569 Iliad.
2355 3544 2394 3574 A,
2416 3551 2469 3576 340

1408 3589 1436 3614 in
1449 3588 1537 3615 talibus
1553 3585 1603 3621 pqll
1623 3585 1681 3611 Nili
1698 3592 1770 3620 putat
1790 3584 1902 3619 abrumpi
1921 3584 2055 3610 orationem
2070 3590 2116 3618 per
2133 3579 2297 3615 Apofiopefin.
2357 3617 2360 3619 -

1410 3624 1514 3650 Comitis
1532 3621 1674 3656 quibusdam
1699 3617 1868 3656 conceffwim,
1899 3620 1969 3645 trahi
1986 3619 2061 3644 nolim
2080 3620 2117 3644 ad
2131 3616 2244 3649 reliquos.
2323 3615 2400 3655 Nisi,
2416 3621 2471 3655 *pro

1932 3654 2065 3681 Columel.
2080 3663 2102 3686 7,
2117 3662 2145 3684 3,
2159 3659 2184 3681 ις
2217 3651 2280 3685 Quo
2293 3660 2376 3685 magis
2387 3655 2471 3691 etiam

1410 3700 1519 3730 propter
1530 3692 1578 3720 hos
1592 3692 1677 3725 casim,
1699 3692 1746 3718 nisi
1762 3691 1934 3724 validiffima,
1960 3699 2026 3725 quae
2040 3698 2093 3715 non
2106 3685 2346 3720 comprehendatur
2366 3686 2472 3728 hieme,

1410 3739 1534 3765 nouaque
1552 3728 1680 3763 progenie
1700 3727 1832 3763 repleatur
1851 3735 1988 3754 numerus.
2042 3723 2205 3762 Aliinlqgum
2230 3721 2342 3749 nonnifi.
2399 3722 2470 3748 Miln

1408 3768 1492 3802 placet
1505 3775 1535 3791 ex
1548 3765 1606 3791 MS.
1620 3764 1737 3798 Lipfienfi
1750 3766 1845 3799 legere,
1871 3762 1930 3790 Nifi
1945 3769 2011 3797 quae
2029 3757 2182 3798 validissima
2196 3768 2250 3785 non
2265 3757 2472 3799 comprehenda-

1411 3809 1456 3829 tur
1468 3801 1566 3828 hieme.
1621 3800 1660 3825 Sit·
1675 3801 1731 3826 Cic.
1747 3799 1778 3826 de
1792 3797 1909 3833 Legib.1‚
1923 3805 1951 3831 54
1966 3806 1987 3823 c.
1995 3804 2028 3821 20
2047 3794 2152 3833 anpe
2167 3803 2249 3828 quum
2262 3801 2366 3828 antiqm
2379 3800 2472 3820 omnes

806 3834 865 3861 Nisi
880 3845 923 3862 me
939 3836 1043 3862 animus
1057 3835 1144 3868 fallit,
1169 3835 1213 3862 hic
1227 3835 1350 3869 profecto
1357 3837 1483 3872 xooquod
1498 3834 1637 3864 secundum
1653 3843 1773 3862 naturam
1784 3836 1862 3867 esset,
1881 3841 1936 3869 quo
1949 3833 2102 3859 iuuaremur
2118 3838 2147 3855 in
2159 3831 2231 3863 vita,
2250 3830 2353 3856 bonum
2366 3830 2416 3891 gie
2427 3829 2472 3890 de}

2393 3874 2459 3891 ltere
2506 3871 2510 3878 ¹

1411 3873 1558 3900 creuerint:
1596 3871 1655 3902 hic,
1676 3872 1724 3898 nili
1746 3870 1818 3907 quod
1834 3869 1973 3897 honestum
1986 3867 2062 3897 css'et,
2086 3866 2186 3899 putarit
2199 3867 2309 3893 bonum.

1412 3910 1493 3942 alius,
1511 3908 1578 3934 nibil
1588 3907 1638 3939 nisi
1649 3910 1729 3942 qnod,
1750 3916 1794 3934 etc.
1868 3907 1917 3932 Sed
1926 3901 1995 3929 nihil
2009 3902 2108 3941 putarit
2122 3901 2223 3929 bonum
2243 3911 2295 3927 cum
2314 3901 2375 3942 aliis
2391 3899 2471 3927 Daui-

1405 3945 1468 3979 fius.
1526 3943 1599 3976 Cons-
1615 3944 1722 3970 Grvnou.
1736 3945 1772 3969 ad
1783 3941 1844 3969 Liu.
1857 3949 1888 3974 34
1898 3960 1906 3973 ,
1921 3940 1955 3965 16.
1979 3973 1984 3978 ι
2019 3938 2139 3973 Wteling.
2153 3940 2181 3963 in
2199 3937 2263 3964 lem.
2279 3939 2330 3964 [nr.
2344 3938 2399 3962 Cm.
2413 3945 2434 3969 1,
2448 3939 2474 3968 8,

1412 3988 1435 4007 e!
1454 3981 1588 4015 Morgagn.
1611 3981 1646 4005 acl
1662 3980 1680 4006 l.
1697 3989 1718 4006 t.
1739 3977 1882 4005 columellae
1895 3974 1919 4010 s.
1938 3971 2013 4013 Epist.
2031 3982 2061 4006 Ι,
2080 3979 2117 4006 38,
2171 3974 2250 4000 Plane
2267 3981 2347 3999 autem
2365 3973 2411 3998 huc
2425 3979 2472 3997 nan

480 4012 535 4039 Cic.
550 4011 582 4039 de
598 4013 704 4039 Amicit.
719 4015 749 4038 62
787 4012 907 4040 iudicare
921 4012 1029 4041 difficile
1045 4016 1119 4047 sanc,
1139 4015 1188 4043 tufi
1202 4021 1349 4050 expertum.
1363 4019 1406 4047 105
1410 4017 1520 4053 pertinet
1525 4034 1535 4049 ‚
1553 4024 1622 4050 quem
1636 4015 1677 4042 hi.-
1691 4016 1804 4043 adm-ern
1815 4014 1880 4040 locus
1894 4009 1977 4037 Soliti.
1991 4017 2012 4036 c.
2028 4015 2060 4042 50
2091 4010 2122 4037 de
2141 4010 2226 4045 Sagda
2242 4008 2484 4072 gemmffimigigteer?

2410 3114 2470 3142 Cic.
2515 3114 2517 3116 ’

2349 3580 2425 3614 Qod
2439 3580 2470 3604 in
2514 3610 2517 3614 Ι
