2517 4231
21 3855 23 3862 ν
62 3854 66 3860 ·
88 3842 158 3869 abere
169 3844 261 3879 aliquis
276 3845 381 3873 dicitur.

26 547 37 558 ²
54 574 57 577 .
80 541 203 575 tendere,
238 546 257 569 i.
278 543 385 581 allegare
404 547 431 569 in
450 546 511 570 iure.

85 214 176 256 1037
458 200 758 244 PRAE

83 290 160 320 dium
171 292 285 321 alicuius
298 291 471 328 praetendere
504 292 596 320 Tacit.
609 292 712 320 Histor.
725 302 749 324 4,
764 299 799 324 ¹3.
995 286 1017 328 q
1039 298 1051 323 3

83 331 159 355 etiam
185 329 220 355 ad
235 338 320 356 veram
343 328 440 364 causam
454 328 650 368 significandam
674 328 791 355 adhibent
816 324 880 352 lca.

97 437 152 461 aris
164 435 338 462 Praetendcre
350 435 382 469 est
390 435 518 471 postulare
530 443 647 471 tauquam
661 431 773 466 iurefibi
779 434 827 468 fito
840 433 954 459 debitum.

83 467 118 533 ἕξ
128 470 358 534 ildugci'iizlllegim
367 491 375 504 ,
406 482 435 498 es·
455 470 527 498 diff-²
546 473 644 498 ratione
661 469 732 496 lctis
753 469 818 495 alias
839 468 930 502 usitata

82 619 135 640 tur.
234 614 340 650 leian.
359 615 394 640 Ι.ι
408 614 435 643 ff.
448 615 481 641 de
493 614 583 639 Vacat.
598 620 623 638 ct
637 613 721 638 excus.
741 621 814 639 mun.

81 648 192 684 aliquod
223 651 271 687 (s.
287 649 414 687 aliquid)
458 653 477 676 i.
495 647 661 682 excusationis
686 650 736 676 loco
761 648 942 683 allegantibut,
973 647 1027 674 sine
1050 646 1140 673 iudice

363 694 417 713 non
430 690 521 714 erunt,
542 684 590 718 qui
604 692 713 710 munera
727 683 868 710 necessaria
887 683 915 708 in
929 682 1008 709 rebus
1026 682 1140 717 publicis

294 722 324 749 L.
338 729 376 757 74
387 720 414 747 ff.
428 719 460 746 ad
477 719 574 746 sctum
587 720 710 746 Trebell.
731 717 755 756 §.
768 719 855 746 vltim.
891 718 1013 746 Tutores
1023 718 1140 745 Valeria-

81 684 213 718 crcdatur,
237 702 245 708 ·

79 721 189 748 obeant.
219 743 225 748 ,

1091 289 1139 318 Sed

936 334 961 352 υ.
977 335 1004 362 g.
1030 327 1060 353 L.
1075 335 1090 359 9
1111 326 1138 352 ff.

82 363 117 391 de
135 364 233 399 paens,
258 365 330 391 Vnus
351 370 426 392 tutor
446 365 563 399 plurium
581 363 747 399 pupillorum
763 361 890 393 nomine,
913 370 996 388 vnum
1015 361 1138 389 debitum

101 399 328 426 raetendentium:
364 402 408 435 qui
420 401 487 426 locus
492 400 586 436 fauere
598 400 699 426 videtur
712 405 788 424 viauae
794 395 978 433 fignificatiot:i
984 417 992 429 ,
1016 407 1064 433 qua
1083 398 1139 424 bar-

997 433 1046 461 scd
1057 436 1138 459 tutius
1155 438 1170 465 5
1202 431 1369 466 praecipuam
1395 433 1524 460 arbitror.

980 470 1011 496 1⁷.
1031 479 1057 505 g.
1076 469 1105 495 1..
1119 476 1138 502 7

404 507 553 536 Fideiussor
572 513 627 533 non
647 503 732 538 potest
754 504 819 531 sacti
839 504 1038 539 ignorationem
1065 512 1138 538 prae-

604 541 660 566 L.6
679 539 704 566 ff.
726 540 757 566 de
782 549 811 567 re
831 541 911 567 milit.
930 539 985 577 §.7
1021 540 1047 566 Si
1068 538 1138 565 nihil

80 577 135 605 tale
154 578 306 613 praetendat
342 582 378 610 (i.
397 579 501 616 alleget,
525 575 659 611 excujandi
676 576 748 612 causa
764 576 902 612 proferat)
939 575 1025 610 capite
1044 574 1138 610 punia-

863 612 888 639 Si
905 610 1139 646 praetendentibus
1157 620 1187 640 10
1202 609 1308 636 Praeter
1322 610 1434 637 Thebas
1450 612 1646 638 Demetriadem
1667 614 1771 639 cin-sum
1791 613 1956 648 dirigerent,

1584 200 1884 244 PRAE

1203 297 1251 325 per
1271 295 1296 315 te
1319 289 1438 324 egimus,
1457 299 1536 318 reum
1547 300 1591 318 ine
1605 291 1693 318 facere
1705 296 1806 319 rentur.
1841 292 1900 323 add.
1915 295 1952 321 1d-
1961 297 2051 327 Fami
2078 310 2092 335 5
2208 306 2261 332 Au.

1204 324 1264 351 elor
1280 324 1311 351 ad
1325 327 1444 352 tscrcnn.
1460 336 1487 359 4,
1503 336 1510 353 ι
1551 328 1581 353 ln
1602 327 1785 362 superioribus
1804 326 1883 353 libris
1904 330 1988 362 nihil,
2013 322 2099 371 neq'ue⁸
2114 345 2174 366 ame
2192 349 2249 367 rem

1203 368 1291 394 neque
1305 368 1408 394 practer
1422 371 1479 388 rem
1493 363 1577 390 locuti
1590 364 1687 390 sumus:
1723 363 1781 390 add.
1797 362 1865 390 Cels.
1875 372 1898 396 z,
1910 372 1919 389 ι
1941 372 1963 390 ct
1975 374 1990 391 z
2012 376 2057 402 ct4
2075 380 2110 399 m-
2202 360 2260 402 Tc:

1202 402 1270 421 rent.
1286 396 1466 431 Ade1p11.2‚3,
1483 407 1494 428 ς
1532 400 1625 434 ltaque
1644 408 1723 425 vuam
1737 399 1802 426 lianc
1819 407 1875 426 rem
1893 408 1937 426 mc
1956 400 2052 428 habere
2072 394 2171 438 praeter
2190 411 2260 438 alios

1237 469 1250 473 ..
1649 436 1754 478 Praeter
1781 435 1969 462 auctoritatem
1995 438 2067 464 vires
2094 451 2198 478 quoque
2225 447 2259 474 ad

1202 467 1379 494 coercendum
1394 468 1472 495 habet
1509 470 1583 495 Caes.
1598 470 1731 497 stettein.
1748 481 1767 502 ς,
1782 478 1822 505 57.
1931 472 2065 499 Romanos
2086 484 2185 508 praeter
2201 482 2260 508 insi.

1201 508 1256 528 tam
1275 502 1431 544 industriam
1450 504 1548 531 animis
1569 506 1677 532 fortuna
1694 515 1803 546 quoque
1817 506 1935 547 cuni-lari
1952 507 2112 542 prohibebat
2149 514 2208 541 Liu.
2224 525 2248 549 23

1204 545 1244 572 ¹4·
1282 538 1339 566 add.
1355 540 1468 573 Μυκη,
1485 547 1566 576 ¹9¹Pr·
1652 543 1758 569 Praeter
1777 550 1864 576 ripam
1882 551 1922 569 ire
1959 544 2066 577 [alst-38,
2083 550 2118 575 18.
2251 537 2260 550 '

2172 221 2259 266 1038

2189 550 2219 573 1»
2252 569 2261 574 .

1202 578 1244 599 ter
1262 575 1369 601 moenia
1390 575 1444 609 ipsa
1462 577 1560 608 sliu-rc,
1590 577 1697 604 Praeter
1716 578 1861 604 Carallitcn
1888 578 2012 612 paludem
2031 589 2125 615 agmen
2143 560 2262 618 dtrctbavss‚

1276 645 1281 649 ”
1357 646 1362 650 ᾖ
1501 647 1505 651 Ι
1999 616 2104 644 Praeter
2119 626 2195 644 oram
2211 622 2264 646 Hc-

1202 645 1283 671 trusci
1296 654 1377 672 maris
1391 646 1537 680 Neapolim
1556 648 1707 680 transmisit,
1726 649 1793 675 dixit
1809 649 1868 675 Liu.
1880 656 1919 682 38,
1934 658 1967 683 ις.
2018 660 2058 685 29,
2073 660 2109 686 ες,
2152 662 2205 687 40,
2226 664 2264 688 4¹.

1202 680 1309 722 Lucret.
1324 690 1353 714 4,
1367 686 1412 718 3879
1448 683 1525 714 Quae
1546 689 1633 710 manet
1647 684 1674 710 iu
1693 684 1819 715 statione,
1844 693 1874 711 ea
1888 692 1991 720 praeter
2010 688 2129 716 creditur
2149 689 2198 716 ire.
2234 691 2264 716 (le

1203 725 1272 742 naza.
1307 734 1310 736 -
1388 716 1504 743 Terent.
1526 718 1590 744 Hec.
1609 728 1630 750 2,
1646 728 1666 751 t,
1681 728 1714 752 2¹)
1751 721 1813 746 Meo
1832 720 1920 750 labori
1941 721 2011 749 haud
2030 733 2140 758 parcens
2161 732 2265 760 praeter

80 765 130 784 nae
148 757 221 784 filiae
245 757 375 785 Antonini
394 755 534 790 egestatem
558 756 615 782 eius
641 754 857 790 praetendebant.
1078 751 1100 791 ff
1122 762 1140 787 4
1202 760 1319 787 aequum
1340 757 1420 786 atque
1439 758 1551 779 aetatem
1569 763 1665 780 meam.
1702 755 1760 781 add.
1776 765 1801 782 u.
1815 764 1836 787 3.
2053 758 2074 796 q
2095 769 2108 786 2
2146 763 2266 788 ponem„-

79 791 122 826 Est
140 801 165 820 et
177 794 288 821 militare
299 793 407 824 verbum,
420 798 445 818 et
455 794 559 828 ponitur
575 799 624 827 pro
637 789 764 824 custodire
777 791 878 817 limites.
985 789 1080 816 Tacit.
1092 790 1140 817 Hi·
1159 796 1185 822 ις
1202 789 1345 814 elementari
1357 787 1443 814 ordine
1458 788 1626 821 Substantiua,
1640 790 1727 824 quibus
1745 791 1844 826 diuerfii
1863 792 1908 818 illa
1926 792 2113 829 figflZ-fiUMI-OM
2131 799 2266 834 iungitur:

78 827 142 856 Ωον.
152 838 178 862 2,
192 831 218 862 6,
232 834 256 863 ς·
280 827 419 862 Quidquid
434 827 578 854 castrorum
592 827 727 854 Armeniis
740 824 933 861 praetenditur.
977 826 1070 860 Nempe
1083 831 1139 852 ten·
1202 824 1309 850 Praeter
1329 824 1452 858 Aequum
1465 831 1490 850 et
1511 824 1612 851 bonum
1637 826 1753 852 nimium
1772 826 1854 852 durus
1888 827 2000 856 Terent.
2015 830 2127 865 Adelph.
2143 841 2152 859 t
2184 841 2191 859 1
2223 841 2253 867 “9

78 864 150 891 toria
163 873 255 901 quoque
267 874 282 890 a
295 863 428 891 tendendo
441 863 527 890 dieta:
561 866 594 890 it.
614 861 786 898 praetendere
799 862 894 895 sepem.
1004 861 1138 888 Ammian.
1200 859 1284 885 Plaut.
1298 859 1372 893 Epid.
1384 868 1402 890 1,
1416 868 1440 891 2,
1454 868 1475 892 3.
1593 861 1697 887 Praeter
1712 862 1831 889 Aetatem
1845 868 1870 888 et
1884 863 2012 891 virtutem
2027 866 2120 894 stultus
2134 853 2162 894 es
2195 851 2264 896 ,13ῗεί

78 899 211 931 Mai-016,
227 907 257 926 21
300 900 370 926 Dum
389 900 536 927 castrorum
557 907 638 935 opera
660 904 764 925 mature
783 897 958 930 consurgunt,
988 896 1138 931 militisque
1201 895 1308 921 Dedecet
1320 902 1424 922 aetatem
1436 902 1513 928 tuam,
1527 894 1665 928 testultum
1683 895 1734 930 este.
1825 896 2017 932 1d.Heaut.1,1
2044 911 2060 936 7
2098 889 2196 931 Vide're
2215 906 2266 931 mi-

78 944 138 971 pars
149 936 272 963 stationes
286 936 434 970 praetendit
447 936 578 970 agrarias,
596 935 650 961 alia
664 935 797 961 frumenta
817 947 862 952 —-
884 931 989 966 colligit
1003 939 1077 959 caute
1092 939 1137 959 cer.
1201 930 1231 957 hi
1244 936 1348 966 praeter
1361 932 1480 958 Aetatem
1497 939 1568 957 tuam
1584 932 1680 959 facere.
1779 934 1864 960 Vnam
1879 943 1922 961 me
1935 935 2000 962 hanc
2011 922 2069 965 r⁷cm
2084 938 2182 966 habere
2193 949 2266 975 prae-

75 971 130 998 vid.
144 981 201 998 mox
214 977 230 997 Ρ
241 977 260 998 R
272 979 293 998 A
303 979 318 999 Ε
327 978 348 998 Τ
357 978 373 998 E
383 979 404 998 N
414 977 436 998 T
445 978 465 998 v
476 978 497 998 R
507 978 538 1000 A.
575 970 644 1006 conf.
657 969 759 1005 Salmas.
771 972 799 995 in
812 968 895 995 Solin.
912 977 936 1002 p.
945 975 999 1000 293.

111 1013 128 1032 P
137 1013 157 1034 R
165 1013 188 1033 Α
195 1013 213 1034 Ε
222 1014 244 1034 Τ
253 1013 270 1034 E
279 1015 301 1034 N
312 1015 330 1036 D
340 1014 358 1034 E
368 1015 391 1035 Ν
401 1014 427 1040 s,
439 1007 516 1034 entis.
525 1008 592 1034 Part.
600 1006 755 1033 Velamenta
767 1013 847 1031 manu
862 1004 1035 1039 praetendens
1055 1003 1138 1030 Ouid.

398 1044 479 1070 Funis
503 1041 676 1078 praetendens
719 1041 769 1068 Iul.
788 1040 906 1076 Obsequ.
925 1049 947 1068 e.
963 1048 1006 1072 132.
1025 1042 1140 1067 tentorii.

76 1042 144 1071 Met.
164 1051 195 1074 n,
213 1052 228 1070 2
249 1051 275 1076 9.

75 1079 174 1107 Causas
186 1050 251 1106 belizi
264 1079 470 1114 praetendentes,
485 1077 558 1114 quod
571 1086 617 1105 etc.
655 1077 746 1105 lustin.
755 1086 798 1110 24,
814 1085 834 1109 ι,
848 1084 869 1109 3.

114 1120 158 1141 rn
169 1122 190 1141 A
202 1122 272 1143 ΕΤΕ
282 1123 304 1142 N
317 1122 338 1142 'r
348 1123 366 1143 v
378 1124 402 1149 s,
421 1124 446 1148 a,
464 1124 519 1141 um.
554 1114 649 1141 Partic.
692 1113 705 1147 [
718 1111 866 1149 προςαθεὶς]

75 1156 151 1178 tenta
171 1150 287 1179 retardat
306 1150 413 1178 Cadmus
427 1151 549 1178 instantia
561 1159 608 1177 ora
622 1152 750 1177 Draconis
775 1149 858 1176 Ouid.
871 1148 965 1180 Met.3‚
978 1153 1015 1180 83.

76 1187 114 1214 ste
134 1193 270 1221 praetenta
283 1187 406 1214 lacrimas
418 1193 522 1214 coortas
541 1186 646 1214 obteois
683 1186 771 1212 senec.
785 1184 896 1221 Hippol.
906 1189 958 1217 883.

76 1228 212 1258 praetenta
234 1222 340 1251 foribus
358 1223 426 1250 Vela
460 1223 568 1250 Sueton.
587 1207 680 1249 Claud.
695 1231 715 1248 c.
729 1230 767 1248 10.

76 1259 154 1293 aquis
188 1258 422 1286 Claud.inRuffin.
436 1267 456 1292 r,
475 1267 531 1293 ¹24·

76 1295 270 1328 Plemmyrium
311 1295 410 1330 virgil.
429 1295 495 1322 Aen.
509 1304 530 1328 3,
550 1296 608 1328 692.

76 1330 143 1358 Ibid.
157 1333 184 1364 6,
201 1331 246 1358 60.
296 1331 368 1359 Adde
387 1330 515 1358 Drakenb.
533 1330 568 1357 ad
585 1329 630 1357 Sil.
649 1331 689 1363 16,
710 1338 762 1363 233·

76 1367 168 1394 Tacit.
184 1366 278 1394 Annas.
291 1376 317 1400 2,
337 1369 379 1400 56,
400 1376 410 1394 1
447 1368 517 1394 Gens
533 1366 682 1401 prouinciis
700 1366 754 1393 late
774 1370 919 1401 praetenta.

74 1408 210 1438 praetenta
223 1403 358 1431 Britannis
395 1402 488 1431 Claud.
504 1403 536 1430 de
550 1402 614 1429 Bell.
624 1403 752 1436 Get.416.
788 1404 806 1428 i.
821 1400 939 1436 opposita.

110 1445 380 1472 PRAETENTA,
395 1448 435 1466 ae.
462 1439 482 1466 f.

76 1518 134 1546 104,
146 1516 173 1542 28
216 1512 264 1538 Vbi
275 1512 370 1548 legebat
383 1511 469 1538 Gallia
483 1511 633 1546 praetentiS,
654 1510 783 1545 Hispania
796 1509 910 1536 maxima
923 1508 1009 1535 bellis.

75 1627 119 1646 ma
130 1618 212 1651 belli;
247 1619 313 1656 quod
319 1620 438 1656 firmauit
475 1620 579 1646 Bentlei.
587 1628 613 1652 4,
625 1621 683 1651 693.

112 1659 395 1683 rRAETssNTvn
407 1663 440 1686 A,
453 1664 492 1682 ae.
520 1655 540 1681 f.

73 1726 172 1762 duplici
190 1729 288 1754 ratione
306 1731 439 1764 accipitur.

71 1869 103 1896 ab
114 1867 199 1904 ᾗςΙῖε,
231 1873 300 1895 inter
318 1872 388 1895 viam
401 1870 556 1903 Qintanam
575 1873 600 1893 et
613 1873 717 1902 portam
730 1867 906 1892 Decumanam.

70 1904 243 1932 Praetentura
249 1903 284 1939 fit
294 1902 360 1937 hosti
372 1904 488 1940 obuerfiz,
514 1903 649 1938 habeatque
662 1905 690 1929 in
702 1904 789 1937 prima
801 1901 846 1938 fisi
858 1907 934 1936 parte
951 1901 1135 1935 exploratores:

298 1937 320 1979 ff
337 1949 354 1967 z
391 1940 576 1968 Praetenturae
593 1942 669 1965 etiam
680 1935 781 1970 dietae,
800 1946 862 1973 quae
874 1937 940 1963 alias
952 1936 1074 1970 agrariae
1088 1935 1136 1963 sta-

64 1976 176 2008 tiones,
197 1983 281 2012 nempe
287 1974 415 2012 praesidia
428 1976 550 2011 militum,
575 1984 636 2011 quae
650 1972 757 2007 castellis
775 1979 799 1999 et
810 1974 871 2000 aliis
883 1973 944 1999 Iocis
959 1979 1032 1998 extra
1044 1970 1137 2004 castra,

72 2011 179 2039 tumidae
195 2015 307 2047 regionis
326 2010 400 2046 causa
417 2011 624 2045 imponebantur,
655 2009 757 2045 ipsaque
773 2010 828 2035 loca
840 2007 916 2039 adeo,
946 2009 974 2032 in
987 2007 1077 2041 quibus
1090 2007 1135 2033 hae

911 2041 970 2068 Vid.
986 2041 1136 2078 Lindebrog.
1149 2047 1183 2075 30
1196 2040 1315 2076 pendere
1333 2041 1497 2068 videbantur
1518 2048 1623 2076 praeter
1643 2041 1777 2068 Naturam
1796 2049 1878 2071 etiam
1891 2051 2050 2081 praeterque
2066 2048 2175 2076 Fatum:

70 1942 142 1967 Hinc

65 2045 210 2080 statimies,
233 2047 293 2074 haec
305 2045 433 2081 praesidia
452 2045 570 2072 collocata
582 2051 665 2076 erant,
683 2053 713 2070 ac
727 2044 867 2070 tendebant.

72 2081 108 2109 ad
119 2082 254 2111 Ammian.
264 2090 304 2116 14,
318 2090 333 2108 2
346 2090 372 2116 p.
382 2090 412 2108 ιο
431 2082 539 2107 Gronau.

72 2118 260 2153 praetenturis,
280 2117 491 2153 prouincialium
503 2123 530 2142 et
542 2115 680 2143 viatorum
694 2114 790 2150 opibus
805 2113 986 2149 pascebantur.

70 2269 172 2295 nesque
189 2263 309 2297 agrariae
335 2261 399 2288 totis
417 2260 571 2288 rationibus
592 2259 739 2287 ordinatae.

69 2375 216 2398 currente&

69 2441 214 2474 eulaturos,
241 2451 359 2477 quonam
373 2450 420 2468 rex
432 2447 584 2476 erumperet
596 2440 741 2469 violentus.

77 2500 79 2503 .
102 2482 146 2504 PR
155 2484 177 2504 A
186 2484 203 2504 E
214 2483 237 2505 ‘r
248 2485 266 2505 E
278 2484 299 2504 Ν
313 2485 325 2505 s
335 2485 356 2505 v
365 2485 385 2505 R
394 2485 426 2510 Α,
440 2487 479 2505 ae.
498 2478 519 2504 f.
573 2480 593 2504 i.
613 2478 787 2504 Praetentura.

55 2550 168 2586 ‘⁴legt'tur.

65 2587 177 2613 militare·
193 2589 324 2612 conueniat
341 2587 521 2613 Praetentura.

103 2628 149 2649 PR
160 2628 182 2648 A
192 2628 209 2649 E
220 2628 243 2648 T
255 2620 301 2649 ἑΝ
313 2627 330 2648 Ε
341 2628 369 2653 R,
385 2624 440 2654 era,
454 2624 538 2649 erum.
552 2620 614 2648 Adi.

35 2664 38 2670 ·
68 2656 172 2684 Sitnilis
182 2663 209 2684 et
219 2658 330 2684 nomine
344 2664 370 2685 et
383 2657 495 2690 effee‘m,
514 2657 558 2685 sed
573 2657 626 2684 alia
642 2657 679 2684 est
693 2665 806 2692 capnos,
825 2655 971 2688 fruticosa,
991 2659 1129 2689 praetene-

68 2701 109 2725 ra,
127 2692 203 2720 foliis
219 2693 363 2721 coriandri.
399 2693 452 2721 vid.
469 2694 543 2721 Idem
557 2688 595 2727 κὴ,
612 2702 636 2720 2.

104 2735 366 2759 PRAETENTQ
385 2734 439 2756 are.

67 2772 101 2800 37
140 2766 248 2793 Cornua
266 2766 323 2792 sunt
337 2765 452 2792 cochleis
470 2765 503 2792 ad
518 2765 737 2800 praetentandum
750 2765 811 2791 iter.

67 2800 138 2829 rulas
157 2806 305 2837 praetentat
324 2801 423 2836 pollice
436 2801 547 2828 chordas
583 2801 666 2828 Ouid.
678 2801 774 2833 Met.5,
788 2808 842 2833 339.
964 2799 1088 2826 Calcatur
1108 2797 1128 2825 fi

62 2837 143 2872 ⁴pigra
164 2838 256 2872 palus,
281 2843 342 2864 tuus
360 2844 421 2865 aute
439 2835 605 2864 Profundum
625 2838 775 2863 Praetentet
793 2836 896 2870 sonipes
932 2835 1027 2863 Claud.
1046 2835 1128 2862 Cous.

66 2872 138 2901 Hon.
146 2882 173 2907 4,
187 2876 245 2908 346.
351 2873 431 2900 Vires
469 2872 552 2900 Ouid.
561 2874 626 2900 Met.
634 2878 657 2905 8,
672 2880 698 2908 7.
733 2871 791 2899 add.
806 2871 924 2905 1d.ib.9,
932 2876 984 2905 388.
1074 2871 1128 2898 Mi-

44 2922 50 2935 s
68 2910 241 2942 serieordiam
256 2909 353 2936 iudicis
390 2909 559 2943 Qinffila,
573 2917 593 2942 1,
606 2914 647 2939 28.
752 2908 822 2934 Loca
841 2907 930 2935 castris
952 2908 1007 2943 ipse
1025 2916 1127 2942 capere,

60 2946 195 2973 “Aestuaria
208 2955 237 2973 ac
249 2946 324 2973 siluas
338 2947 392 2981 ipse
405 2951 573 2982 praetentare
608 2944 701 2972 Tacit.
710 2944 851 2980 Agricao,
863 2952 889 2971 2.

64 2990 89 3016 -1,
101 2990 144 3017 29,
158 2991 179 3015 3.
237 2984 268 3009 Et
281 2982 383 3010 Histor.
392 2991 418 3015 2,
433 2990 475 3015 49,
490 2991 509 3014 3.

62 3032 71 3046 =.
88 3024 119 3044 -Ρ
128 3025 147 3045 R
155 3025 176 3045 Α
185 3026 202 3046 E
210 3024 232 3044 T
241 3025 258 3045 E
268 3026 290 3045 N
298 3026 320 3046 T
328 3025 350 3045 Α
359 3025 380 3044 Τ
393 3025 415 3046 ν
426 3025 439 3045 s
447 3038 457 3052 ,
477 3027 500 3050 a,
519 3026 575 3044 um.
602 3016 699 3044 Partic.
791 3015 882 3044 Tacit.
904 3014 998 3041 Annas.
1013 3023 1032 3045 1,
1053 3021 1093 3049 73,
1115 3022 1126 3041 ι

62 3053 233 3089 *Praetentata
246 3055 368 3082 crimina.
455 3054 563 3081 Sueton.
571 3052 680 3088 August.
689 3059 747 3085 c.3;
784 3052 888 3079 Cordus
897 3050 1050 3078 Cremutius
1064 3050 1127 3077 scri-

60 3089 118 3123 :bin
135 3100 170 3118 ne
183 3090 323 3118 admissum
337 3090 448 3127 quidem
460 3099 530 3117 nunc
544 3098 706 3125 quemquam
717 3088 872 3115 Senatorum
881 3109 889 3121 ,
911 3087 960 3113 nisi
974 3086 1075 3117 solum,
1100 3092 1127 3113 et

472 2730 485 2763 [
496 2729 667 2765 προπειράσμαι
680 2730 692 2763 ]
730 2730 807 2756 Prius
818 2733 924 2755 tentare.

438 3127 495 3154 Cic.
515 3126 548 3153 de
561 3127 636 3153 Orat.
644 3134 670 3158 2,
690 3129 731 3158 318
766 3123 869 3151 Idcirco
888 3129 943 3150 tota
960 3123 1035 3149 causa
1052 3123 1127 3149 Prae·
1141 3124 1174 3151 80
1188 3131 1272 3158 quere
1309 3123 1381 3149 Flor.
1393 3131 1420 3155 2,
1437 3125 1464 3155 6,
1483 3131 1524 3153 24-

53 3131 61 3146 'r
100 3132 233 3154 aetentato
255 3127 320 3154 sinu.

60 3128 263 3229 {tata-atque
280 3163 430 3199 perspefta,
451 3163 517 3189 locis
530 3161 657 3190 omnibus
670 3161 788 3188 inuentis
805 3166 883 3196 atque
895 3158 1046 3190 insumitis,
1064 3167 1128 3185 con-

105 3199 234 3227 ‘randum
246 3199 282 3226 est
290 3208 345 3236 quo
359 3199 492 3235 principio
506 3199 536 3226 sit
550 3197 688 3225 vtendum.

107 3239 199 3267 rRAa
216 3242 238 3261 'r
248 3242 266 3262 E
280 3243 301 3262 N
311 3242 333 3262 'r
343 3238 366 3263 Ᾰ
375 3242 397 3262 Τ
408 3242 428 3261 ν
439 3243 462 3267 s,
475 3233 513 3262 fis.
549 3244 586 3261 m.
643 3232 863 3270 [προπειρασμδς]
973 3231 1040 3258 Plin.
1049 3239 1083 3264 11,
1096 3238 1126 3265 37

69 3266 193 3296 Gochleis
204 3271 345 3299 oculorum
357 3271 446 3298 vicem
458 3271 598 3299 cornicula
611 3269 675 3297 bina
689 3274 852 3304 praetentam
865 3267 1019 3303 adimplent.

110 3309 126 3329 P
136 3311 156 3330 R
164 3311 185 3330 A
194 3312 210 3332 E
218 3312 239 3331 'r
248 3314 264 3333 E
272 3315 293 3334 N
303 3315 324 3334 V
335 3315 344 3334 ¹
355 3315 379 3340 S,
393 3316 416 3334 e.
443 3307 505 3335 Adi.
567 3306 646 3334 Valde
662 3304 764 3340 tenuefi
783 3305 879 3340 nificat.

70 3339 126 3366 Mel
142 3339 291 3373 thymosum
303 3352 360 3370 non
373 3343 439 3376 coit,
460 3349 486 3370 et
498 3343 570 3370 taGtu
584 3342 740 3378 praetenuia
752 3341 769 3368 fi
781 3350 796 3368 a
810 3342 902 3368 mittit.
1008 3339 1048 3366 Id.
1057 3344 1081 3372 8,
1095 3347 1127 3372 50

62 3375 216 3403 -Solertium
233 3378 290 3405 eius
304 3379 425 3407 animalis
439 3379 576 3406 Mutianus
591 3380 676 3406 visam
692 3377 742 3405 fibi
755 3377 876 3413 prodidit
890 3378 917 3404 in
932 3380 1012 3410 ponte
1025 3382 1126 3411 praete-

70 3412 139 3453 nui.-
166 3412 194 3439 de
206 3417 299 3446 capris.
405 3415 532 3441 Laminae
567 3416 607 3442 Id.
617 3417 657 3448 16,
670 3424 706 3448 43.
800 3413 955 3441 Membrana
996 3410 1125 3447 1d.11‚37-

31 3458 34 3459 ⁷
61 3449 183 3483 ‘Spiritus
210 3449 349 3482 Qunam.
359 3460 393 3484 ιι,
414 3460 473 3485 3,4.

105 3490 121 3510 P
134 3490 153 3510 R
166 3491 187 3511 A
198 3491 215 3511 E
224 3491 245 3511 T
255 3484 272 3511 ἕ
281 3492 319 3512 PE
329 3493 359 3521 o,
373 3487 413 3519 ui,
426 3490 480 3513 ere.
516 3487 737 3521 [κροχλιωὶνομα]
781 3485 849 3513 Idem
866 3483 932 3522 quod
948 3483 1018 3511 Ante
1034 3489 1124 3519 tepere.
1135 3491 1171 3517 90
1188 3491 1312 3521 propter:

62 3520 153 3554 jonia.
162 3523 255 3547 Amor.
263 3529 287 3552 2,
301 3530 323 3554 3,
336 3525 354 3548 6
388 3522 481 3549 Mollis
499 3522 528 3548 in
540 3521 714 3557 obsequium,
733 3523 874 3558 facilisque
886 3519 1043 3555 rogantibus
1053 3520 1126 3553 esses,

64 3555 89 3583 ’ἦ
102 3561 163 3583 tuus
179 3557 206 3583 in
220 3557 314 3591 quauis
328 3558 513 3594 praetepuisset
530 3566 614 3584 amor.

107 3598 150 3619 PR
162 3599 184 3619 A
197 3599 213 3620 E
225 3599 247 3619 T
257 3599 273 3619 E
283 3599 312 3619 R.
338 3593 478 3628 Praepofit.
528 3595 540 3626 [
552 3592 624 3624 πλὴν,
643 3593 727 3627 suris,
742 3594 820 3631 παραὶ,
838 3591 939 3630 παρέξ]
994 3591 1126 3627 Λεία-[ἃῆ-

62 3636 103 3654 ›vo
111 3628 208 3664 semper
221 3631 352 3664 iungitur,
375 3632 503 3665 primoque
515 3629 549 3655 ad
558 3630 637 3656 locum
647 3629 775 3663 refertur,
793 3639 816 3657 *a
836 3640 881 3666 quo
894 3627 1019 3657 excluditf
1055 3626 1127 3654 allud

72 3666 137 3699 enim
148 3663 182 3698 qs}
196 3674 244 3700 per
256 3665 347 3692 siluam
366 3665 424 3698 ire,
447 3664 520 3692 aliud
535 3669 639 3700 praeter
657 3664 758 3692 siluam.

72 3700 181 3734 cipiendi
190 3700 418 3737 fircefimpliciter,
435 3707 465 3728 vt
478 3710 531 3727 cum
548 3709 630 3727 omnes
643 3706 746 3735 praeter
759 3710 843 3729 vnum
856 3699 953 3736 aliquid
960 3697 1049 3735 feciffe
1063 3699 1125 3726 dici-

50 3737 142 3768 ‘-mus‚
163 3736 217 3770 fiue
234 3744 264 3764 vt
282 3739 438 3764 eminentiam
450 3736 476 3771 fi
495 3735 635 3771 nficmur,
664 3742 695 3762 vt
707 3745 761 3762 cum
772 3744 875 3772 praeter
887 3737 954 3763 alios
967 3736 1007 3761 vc!
1020 3741 1125 3769 praeter

71 3779 164 3797 omnes
180 3774 285 3809 aliquem
297 3766 436 3800 amare‘aut
448 3746 521 3805 odiffi:
533 3772 647 3798 dict'mus.
703 3772 797 3798 Deinde
815 3774 855 3800 bis
863 3793 871 3807 ,
896 3780 955 3809 quae
967 3770 1067 3806 adsunt,
1078 3772 1126 3798 ali-

71 3806 133 3869 Ξιιίιί
149 3808 217 3834 velut
230 3809 264 3836 ad
280 3810 346 3836 latus
363 3808 498 3844 adiungit,
521 3814 552 3834 vt
565 3817 619 3833 cum
636 3812 739 3842 praeter
758 3807 894 3843 ingenium
908 3811 982 3834 etiam
994 3809 1126 3842 pecuniam

72 3877 160 3911 detur,
185 3885 214 3904 ut
227 3888 281 3907 cum
299 3887 404 3916 praeter
421 3880 588 3907 voluntatem
605 3878 703 3914 aliquid
713 3878 826 3912 accidiſje
839 3881 959 3907 dicimus:
995 3887 1056 3914 quae
1068 3880 1124 3913 qui-

71 3913 125 3940 dem
137 3917 220 3940 omnia
231 3923 284 3942 cum
294 3917 340 3945 illa
343 3920 433 3954 prima
447 3916 501 3943 loci
517 3914 668 3942 exclusione
686 3915 834 3942 conueniunt
846 3926 876 3942 ex
889 3917 974 3951 aliqua
987 3921 1079 3949 parte,
1100 3919 1124 3940 et

72 3949 130 3976 inde
143 3949 256 3977 deriuari
261 3950 370 3985 pqffunr.
425 3953 552 3987 Exempla,
558 3953 634 3978 etiam
641 3949 779 3987 promiscue
788 3951 879 3986 posita,
893 3951 978 3987 facile
989 3950 1034 3977 hoc
1047 3948 1124 3983 osten-

71 3984 138 4049 tglnt.
233 3987 367 4016 Omnibus
382 3989 518 4016 sententiis
530 3992 634 4022 praeter
644 3993 724 4012 vnam
737 3985 924 4014 condemnatus
938 3985 974 4013 est
1011 3985 1066 4012 Cic.
1074 3993 1124 4020 pro

107 4025 178 4049 uent.
190 4029 263 4050 cao.

1146 973 1181 991 20
1201 972 1242 993 ter
1258 967 1333 993 Alios
1353 967 1521 1001 praecipuam
1540 968 1660 995 arbitror
1695 968 1734 994 Id.
1751 968 1894 1003 Adelph.2‚
1913 979 1936 1005 3,
1950 979 1973 1003 ς.

927 1097 931 1107 1

921 1109 1038 1146 Cuspide
1063 1119 1138 1147 prae-

1063 1148 1138 1209 IVe-
1152 1154 1185 1181 25
1200 1146 1225 1172 la
1241 1154 1258 1178 9
1271 1154 1314 1178 c.3
1349 1146 1430 1179 Qtod
1444 1146 1514 1173 mihi
1525 1147 1637 1174 Consuli
1654 1148 1825 1182 praecipuum
1840 1149 1894 1175 fuit
1906 1157 2009 1184 praeter
2023 1152 2109 1181 Alios,

1078 1190 1138 1210 nter

882 1221 966 1246 Locus
985 1225 1135 1254 praetentus

629 1259 766 1285 Praeterita
780 1256 835 1283 sinu
855 1256 923 1282 iacet
944 1255 1028 1282 insula
1042 1261 1135 1282 contra

713 1294 785 1321 Arua
807 1299 996 1329 praetentaque
1015 1291 1135 1324 Syrtibus

895 1330 933 1355 Ex
957 1330 1068 1355 militari
1086 1327 1132 1363 ufic
1151 1334 1183 1359 30
1197 1325 1285 1359 vin.2‚
1302 1329 1337 1352 60
1359 1335 1381 1352 c.
1391 1332 1432 1356 28.

1046 1364 1133 1399 Legio

541 1441 647 1471 Nomen,
665 1438 730 1474 quod
739 1447 765 1464 eo
776 1435 901 1464 intelle&
910 1457 918 1469 ,
942 1445 1011 1472 quem
1024 1445 1080 1462 mox
1093 1445 1134 1462 as-

65 1472 224 1510 stgnabimus
244 1476 446 1509 Praetenturae',
478 1475 593 1502 Manilio
613 1474 736 1502 tribuebat
755 1476 783 1500 in
801 1476 888 1509 prima
903 1472 963 1499 edit.
1001 1472 1089 1534 Libba.
1106 1480 1132 1507 p.

1078 1516 1134 1535 rae-

73 1551 158 1574 tentas
171 1549 264 1584 inquit,
283 1554 366 1581 uocat,
385 1556 448 1583 quas
464 1549 511 1574 alii
524 1552 721 1582 praetenturas,
755 1546 781 1573 h.
796 1555 816 1572 e.
844 1548 937 1582 equites
955 1546 1133 1580 exploratores.

65 1582 124 1616 LSed
133 1581 187 1619 poll
200 1592 230 1610 ex
243 1583 407 1618 Gemblacensi
423 1582 476 1610 cod.
492 1583 576 1616 dedit,
603 1582 690 1609 Gallia
705 1590 752 1617 per
765 1582 871 1613 census;
908 1581 1037 1615 Hispania
1051 1580 1135 1607 maxi-

1150 1510 1180 1538 35·
1201 1507 1279 1534 Vltra
1285 1525 1293 1538 ‚
1310 1508 1426 1542 amplius.

533 1686 536 1688 ,
595 1665 610 1681 a
623 1653 754 1687 tendendo,
771 1656 790 1681 ι’.
802 1655 936 1686 tentoriis,
956 1652 1038 1688 (quae
1051 1661 1066 1679 a
1080 1657 1137 1679 ten-

75 1689 163 1718 dendo
175 1689 245 1718 dieta
257 1698 281 1717 rt
295 1691 371 1727 ipsa)
391 1689 529 1728 castrisque
548 1690 668 1718 habendis
686 1686 758 1716 dieta
769 1693 835 1717 inre
847 1691 956 1715 militari
972 1691 1137 1716 Romanorum
1151 1696 1190 1721 40
1198 1686 1319 1713 Sci-ibon.
1334 1689 1391 1713 206.
1429 1690 1447 1712 i.
1464 1694 1527 1722 prae
1544 1689 1595 1713 alio
1612 1695 1653 1721 qu.
1674 1687 1737 1713 med.
1758 1689 1811 1719 uel,
1837 1689 1907 1714 vltra
1925 1697 1950 1724 q.
1971 1699 1994 1715 a.
2015 1699 2048 1715 m.

497 1726 576 1763 Apud
592 1725 730 1760 Hyginum
748 1725 780 1752 de
794 1725 982 1756 castrametat.,
1017 1731 1047 1750 vt
1059 1722 1137 1756 osten-

75 1761 115 1788 dit
129 1762 209 1791 Schel.
230 1769 258 1799 p.
263 1772 292 1795 3⁰
301 1763 355 1800 seq.
381 1766 561 1795 commentarii,
574 1769 599 1788 et
609 1765 638 1788 in
651 1761 832 1798 diagrammate
845 1759 982 1792 castrorum
1002 1768 1045 1793 p.z
1062 1761 1136 1785 Prae-

72 1802 179 1826 teneura
199 1797 232 1832 est
252 1805 307 1826 tota
326 1799 371 1825 illa
384 1806 450 1834 pars
468 1796 620 1831 castrorum,
650 1806 711 1832 quae
729 1795 763 1828 est
775 1799 843 1821 inter
856 1798 923 1819 viam
930 1794 1098 1828 principuIem
1113 1799 1138 1818 et

65 1840 169 1870 portam
181 1837 354 1871 praetoriam:
391 1833 589 1870 quemadmodum
603 1833 748 1858 Retentura
768 1828 802 1863 ‘’st
815 1836 881 1864 pars
892 1828 1030 1862 castrorum
1048 1827 1136 1863 auerfiz

979 1864 1038 1890 Cum
1052 1866 1134 1900 igitur
1148 1871 1183 1899 45
1195 1862 1234 1889 Id.
1251 1860 1360 1894 Offic.2,
1372 1864 1405 1895 36
1440 1862 1597 1897 Voluptates
1612 1862 1793 1890 blandiffimae
1815 1864 1956 1896 dominae,
1977 1869 2093 1895 maiores
2106 1876 2192 1903 partes
2209 1872 2268 1898 ani·

588 2079 685 2114 Ibique
703 2078 786 2105 densis
804 2079 874 2106 inter
891 2078 1020 2111 sepientes
1035 2077 1135 2104 itinera

1032 2114 1134 2140 Iterum

73 2162 114 2188 ¹4,
125 2163 139 2186 3
157 2162 183 2189 p.
191 2161 216 2187 ις
251 2155 283 2181 Et
297 2153 359 2189 quia
367 2152 577 2188 Mesopotamiae
590 2151 689 2179 tractus
703 2160 796 2178 omnes
810 2150 905 2178 crebro
919 2149 1065 2184 inquietari
1079 2151 1135 2176 sue-

70 2189 109 2222 ti,
131 2190 316 2224 praetenturis
334 2195 361 2216 et
380 2188 538 2216 stationibus
555 2187 729 2215 seruabantur
747 2187 858 2222 agrariis
876 2185 930 2212 vid.
950 2186 992 2212 hic
1012 2186 1136 2220 Valifius.

71 2226 184 2261 Rurfim
208 2233 250 2259 ις,
264 2235 283 2260 4
316 2225 464 2252 Salubriter
477 2230 502 2252 et
516 2230 591 2251 caute
612 2223 693 2250 castra
707 2229 819 2256 metata,
844 2227 1029 2258 praetenturae
1045 2222 1137 2249 statio·
1154 2225 1183 2252 55
1196 2223 1283 2248 Aliam
1296 2231 1368 2257 quam
1381 2222 1547 2248 credebamus.

855 2258 990 2285 Ammian.
1013 2267 1022 2285 x
1068 2265 1135 2285 extr.

69 2296 122 2324 Per
135 2296 209 2325 furta
229 2304 254 2324 et
270 2297 412 2326 latrocinia
423 2297 554 2324 finitimos
567 2295 755 2327 adfliehbant,
774 2299 800 2321 et
820 2303 853 2321 eo
868 2267 1049 2329 praetenturis
1063 2294 1136 2321 inili-

70 2338 146 2366 tum,
170 2341 200 2360 vt
213 2333 334 2369 montani
345 2333 481 2366 fallentes,
506 2341 607 2368 perque
622 2341 703 2367 rupes
718 2337 744 2358 et
759 2329 866 2357 dumeta
880 2339 911 2357 ex
927 2331 974 2357 vsu
988 2330 1069 2357 facile
1083 2330 1135 2357 dis-

323 2369 363 2397 Id.
376 2378 414 2401 21,
433 2378 458 2402 13
477 2379 503 2404 p.
517 2375 564 2401 308
600 2369 711 2395 Gronau.
748 2367 816 2394 Non
835 2372 865 2393 vt
883 2367 1032 2393 lacesserent
1047 2368 1135 2394 Persas

60 2405 100 2439 ,in
115 2406 224 2440 praelia,
244 2405 288 2432 sed
301 2405 480 2440 praetenturis
493 2405 632 2432 iuncturos
645 2403 784 2430 citeriores
797 2402 925 2438 Tigridis
938 2403 1018 2438 ripas,
1039 2409 1065 2430 et
1078 2404 1134 2437 spe·
1154 2402 1262 2429 60Non
1275 2408 1379 2437 praeter
1391 2402 1506 2429 Solitum
1518 2402 1589 2429 leues
1630 2402 1725 2430 Horat.
1739 2403 1791 2430 Od.
1800 2412 1819 2435 t,
1833 2407 1859 2437 6,
1872 2413 1915 2432 20.

892 2474 992 2510 Hygin.
1000 2472 1032 2500 de
1040 2473 1134 2501 Limit.

66 2520 94 2549 γ.
109 2520 166 2548 197.
180 2514 248 2550 GoeJZ
287 2515 410 2541 Frontin.
424 2514 458 2541 de
471 2513 568 2540 Colon.
590 2522 614 2548 p.
624 2520 669 2545 134
705 2513 866 2546 Quanquam
881 2510 908 2537 h.
923 2511 940 2537 Ι.
960 2511 1134 2545 praecensura

243 2551 328 2586 Neque
345 2550 416 2585 scio,
436 2560 470 2576 an
483 2550 553 2586 finis
573 2549 631 2577 huic
643 2548 828 2576 Praetensurae
846 2547 998 2574 coloniarum
1016 2556 1072 2573 cum
1089 2546 1135 2573 illa

658 2619 737 2649 Valde
749 2626 870 2647 tenerum.
904 2617 972 2645 Plin.
982 2626 1024 2651 25,
1038 2627 1062 2650 13
1072 2618 1088 2644 s.
1096 2625 1132 2651 99

922 2725 1131 2798 camosginlhtet,
1142 2772 1179 2800 70
1191 2769 1232 2791 ter
1244 2763 1322 2798 pedes
1337 2763 1448 2790 mustela
1462 2762 1531 2790 mihi
1545 2773 1649 2791 murem
1663 2764 1770 2792 abstulit
1807 2765 1890 2792 Plaut.
1907 2765 2015 2806 Stia-ha,
2029 2774 2053 2801 3,
2067 2775 2093 2803 7.

819 3664 916 3693 Deinde
935 3663 1007 3691 habet
1019 3666 1071 3690 vim
1085 3673 1126 3689 ex·
1138 3670 1171 3697 95

1199 1008 1268 1035 tera,
1306 1004 1365 1029 Plus
1378 1012 1449 1038 quam
1469 1010 1580 1030 caetera:
1660 1004 1699 1030 ld.
1716 1003 1798 1031 Andr.
1814 1014 1893 1038 1‚1‚31
1930 1007 2035 1034 Horum
2048 975 2184 1038 iulgrgieffir
2192 977 2266 1047 ἐξ

1199 1039 1244 1072 gie
1263 1045 1368 1073 praeter
1381 1039 1491 1065 Caetera
1505 1039 1634 1066 studebat.
1672 1039 1731 1066 add.
1756 1039 1794 1067 Id.
1809 1041 1875 1067 ibid.
1890 1051 1916 1068 v.
1926 1051 1971 1076 94.
2076 1047 2132 1073 Cic,
2147 1047 2224 1075 Offic.
2237 1057 2253 1075 2

1199 1076 1235 1101 26
1271 1074 1363 1101 Testis
1376 1074 1412 1100 est
1420 1074 1551 1101 Phalaris:
1574 1076 1648 1102 cuius
1660 1076 1714 1108 est,
1735 1082 1839 1110 praeter
1853 1078 1989 1110 Caeteros,
2008 1081 2151 1109 crudelitas
2165 1067 2265 1111 nobiliz

1198 1115 1260 1136 tata.
1298 1111 1348 1137 Pro
1362 1119 1387 1136 co
1398 1110 1463 1146 quod
1473 1110 1517 1145 est,
1538 1112 1641 1138 Praeter
1653 1119 1803 1139 caeterorum
1815 1113 1994 1141 crudelitatem.
2102 1119 2142 1146 Id.
2150 1128 2199 1154 pro
2207 1120 2264 1146 Sul.

1199 1181 1270 1208 mihi
1282 1182 1455 1217 praecipuum
1476 1182 1513 1209 est
1534 1189 1637 1217 praeter
1650 1182 1777 1210 Cieteros
1812 1183 1853 1212 Id.
1868 1186 1947 1212 Attic.
1957 1195 1978 1219 x,
1992 1196 2025 1220 ις.
2138 1190 2177 1217 Id.
2194 1157 2263 1219 ilbiicdc.

1199 1226 1222 1251 3,
1236 1226 1266 1257 ⁷73
1301 1219 1332 1244 In
1346 1218 1428 1244 altera
1441 1218 1568 1253 epistola,
1597 1228 1702 1253 practer
1716 1220 1941 1248 Consuetudinem
1955 1228 2026 1249 tuam
2036 1244 2044 1256 ,
2068 1224 2139 1253 diem
2151 1235 2206 1254 non
2218 1227 2264 1254 ad.

1199 1253 1304 1286 scribis,
1324 1253 1366 1280 sed
1383 1254 1442 1280 satis
1456 1254 1583 1288 significas
1598 1261 1710 1287 tempus.
1818 1257 1923 1283 Praeter
1937 1259 2165 1289 Connietudinem
2185 1263 2202 1290 si
2222 1272 2264 1290 ac-

1200 1289 1297 1316 ciderit
1312 1290 1431 1325 aliquid,
1457 1297 1561 1325 praeter
1575 1296 1698 1317 naturam
1710 1297 1799 1318 tamen
1811 1301 1865 1319 non
1880 1293 1953 1327 poffit
1967 1295 2078 1322 existere
2115 1297 2154 1324 Id.
2169 1298 2201 1324 dc
2216 1299 2264 1326 Di-

1453 1361 1457 1366 ·
1539 1326 1618 1354 Nihil
1631 1327 1714 1361 magis
1728 1327 1849 1360 ridetur,
1869 1337 1947 1363 quam
1963 1330 2035 1364 quod
2048 1332 2084 1358 est
2097 1340 2202 1367 praeter
2214 1335 2267 1361 Ex-

1198 1361 1390 1397 spee‘tationem
1427 1363 1483 1388 Cic.
1501 1362 1533 1388 de
1553 1363 1628 1389 Orat.
1642 1372 1668 1395 2,
1689 1369 1746 1398 587.
1854 1365 1960 1392 Praeter
1980 1366 2083 1399 Fatum,
2119 1369 2265 1404 uid.pa11llo

1188 1396 1258 1434 post,
1279 1399 1386 1425 Praeter
1398 1398 1539 1425 Naturam.
1649 1399 1742 1426 Fidem
1757 1407 1925 1427 communem
1940 1408 2044 1436 praeter
2057 1413 2124 1438 quae
2137 1406 2264 1433 omnibus

1196 1434 1325 1467 debetur,
1349 1440 1469 1469 praetera
1489 1443 1538 1461 nos
1559 1434 1603 1461 isti
1624 1434 1766 1463 hominum.
1784 1437 1879 1470 generi
1898 1438 2040 1473 praecipue
2059 1440 2186 1467 debemus
2224 1442 2264 1469 Id.

1197 1470 1381 1504 Qiintfratr.
1391 1479 1408 1503 ι,
1418 1479 1437 1496 1.
1546 1471 1655 1498 Praeter
1668 1472 1727 1498 Hoc
1741 1471 1862 1499 Scribon.
1872 1478 1927 1508 187.
2037 1476 2143 1503 Praeter
2156 1479 2222 1510 Hac,
2243 1481 2262 1505 i.

1370 1543 1375 1547 .
1499 1505 1582 1534 Plaut.
1607 1506 1688 1534 Stich.
1704 1516 1728 1540 2,
1748 1516 1774 1540 2,
1794 1516 1824 1534 21
1861 1516 1891 1535 vt
1911 1507 2026 1543 Posthac.
2133 1513 2175 1540 Sic
2194 1514 2263 1540 Rud.

1196 1552 1225 1576 4,
1237 1553 1265 1577 4,
1277 1550 1315 1578 74
1350 1543 1377 1569 Si
1391 1548 1495 1577 praeter
1510 1544 1566 1569 Hac
1581 1548 1610 1570 tu
1623 1543 1737 1570 verbum
1753 1543 1820 1570 faxis
1834 1543 1933 1579 hodie,
1955 1555 2005 1581 ego
2018 1546 2069 1573 tibi
2083 1550 2264 1577 comminuam

1197 1585 1282 1614 caput.
1377 1579 1483 1606 Praeter
1498 1579 1569 1605 Haec
1605 1579 1775 1613 Qumis-4,
1788 1588 1809 1613 ς,
1822 1585 1844 1610 8.
1953 1583 2061 1610 Praeter
2074 1584 2104 1610 Id
2142 1585 2180 1613 Id.
2194 1593 2216 1618 ς,
2227 1595 2265 1617 10,

1196 1622 1234 1648 45,
1340 1614 1466 1655 ,Tere-nt.
1488 1615 1587 1641 Heaut.
1602 1624 1622 1647 1,
1642 1624 1668 1648 2,
1687 1623 1722 1650 27
1766 1616 1882 1643 Fortasse
1905 1617 2044 1652 aliquanto
2063 1618 2265 1654 iniquior-‘erat

1196 1655 1302 1685 praeter
1322 1659 1380 1677 eius
1399 1650 1565 1677 Libidinem.
1681 1652 1787 1678 Praeter
1806 1652 1924 1686 quoduis
1945 1653 2019 1680 aliud
2039 1655 2264 1684 Medicamentum

1197 1732 1247 1756 pro
1260 1723 1386 1751 Planc.82
1423 1723 1512 1756 Quem
1526 1722 1574 1756 qui
1588 1722 1800 1755 reprehenderit,
1822 1723 1850 1748 in
1867 1732 1901 1749 eo
1915 1723 2099 1758 reprehendit,
2120 1727 2193 1759 quod
2207 1693 2266 1762 {dac-⁸

1197 1764 1254 1783 tum
1268 1762 1374 1790 praeter
1387 1757 1500 1782 Modum
1517 1756 1586 1782 dicat
1600 1757 1658 1782 effe.
1776 1756 1815 1782 ld.
1830 1757 1943 1783 Tuscus.
1952 1766 2022 1791 510,-
2060 1761 2188 1789 Aristides
2201 1773 2267 1790 non—

1195 1800 1230 1817 ne
1244 1791 1280 1817 ob
1294 1800 1353 1817 eam
1366 1792 1469 1817 causam
1483 1791 1605 1825 expulsus
1618 1791 1654 1816 cst
1669 1790 1754 1825 patria
1764 1810 1772 1823 ,
1797 1792 1869 1826 quod
1884 1800 1986 1827 praeter
2002 1796 2114 1822 Modum
2128 1797 2211 1825 iustus
2229 1798 2267 1826 es-

1196 1827 1253 1853 set?
1348 1826 1455 1853 Praeter
1474 1826 1586 1853 Modum
1605 1828 1691 1854 creuit
1709 1827 1780 1853 lacus
1795 1827 1911 1855 Albanus
1949 1829 2004 1856 Cic.
2019 1832 2050 1857 de
2063 1833 2156 1860 Diuin.
2172 1843 2192 1866 1,
2217 1844 2267 1862 100

1196 1899 1237 1925 mi
1249 1907 1264 1925 a
1276 1899 1379 1925 virtute
1393 1899 1571 1933 detorquent:
1607 1905 1634 1926 et
1654 1899 1780 1926 dolorum
1794 1909 1877 1934 quum
1892 1901 2071 1931 admouentur
2085 1904 2154 1932 fal-es
2191 1916 2267 1941 prae—

1196 1941 1239 1961 ter
1257 1934 1372 1961 Modum
1385 1934 1507 1969 plerique
1527 1941 1705 1962 exterrentur.
1742 1935 1801 1961 add.
1823 1935 1862 1962 Id.
1878 1937 1912 1964 de
1923 1938 2003 1971 Fin.5
2017 1942 2086 1972 c.36.
2162 1927 2171 1941 ⁵
2189 1937 2266 1970 Prae.

1197 1977 1238 1997 ter
1252 1971 1360 1997 Morem
1379 1977 1458 2004 atquc
1478 1971 1564 2004 legem
1580 1971 1691 2000 ciuium,
1711 1971 1812 1997 Contra
1825 1973 2054 2008 consuetudinem,
2077 1979 2160 2012 inquit
2174 1978 2265 2006 Dona-

1197 2012 1239 2032 tus
1275 2006 1391 2032 Terent.
1400 2006 1482 2032 Andr.
1491 2013 1514 2038 ς,
1528 2015 1550 2038 3,
1562 2011 1584 2036 8.
1703 2006 1757 2032 Cic.
1773 2006 1888 2047 Philipp.
1898 2017 1915 2040 1,
1933 2017 1961 2035 to
1998 2011 2083 2038 Multa
2103 2019 2191 2040 autem
2210 2016 2264 2043 im—

2232 2051 2263 2078 de

2173 2087 2263 2120 Qtem
2286 2101 2287 2104 ¹

1202 2078 1318 2105 Violcnta
1332 2084 1410 2103 morte
1428 2084 1452 2103 et
1465 2081 1606 2113 inopinata.
1642 2077 1695 2104 vid.
1710 2078 1778 2105 Gell.
1792 2082 1820 2105 in
1838 2080 1897 2107 hacc
1908 2081 1984 2108 verba
1997 2091 2032 2115 13,
2046 2091 2065 2109 1.

1196 2122 1259 2140 amo
1272 2119 1377 2148 praeter
1391 2113 1491 2140 Omnes
1528 2113 1612 2140 Plaut.
1627 2113 1723 2148 Amph.
1732 2123 1756 2146 2,
1770 2123 1795 2146 2,
1810 2123 1848 2144 ιο.
1959 2118 2064 2146 Praeter
2084 2120 2249 2155 Opinionem

1197 2150 1308 2180 Contra,
1327 2152 1410 2185 inquit
1423 2150 1555 2176 Donatus:
1626 2150 1743 2176 Terent.
1757 2151 1824 2178 Hec.
1837 2160 1860 2185 ς,
1874 2160 1895 2184 t,
1909 2160 1941 2188 37
1977 2153 2058 2181 Nunc
2072 2165 2157 2190 quum
2171 2167 2221 2193 ego
2235 2142 2262 2186 td

1197 2186 1247 2212 esse
1266 2191 1371 2220 praeter
1383 2185 1500 2212 nostram
1513 2186 1679 2221 Opinionem
1699 2187 1832 2221 comperi:
1869 2188 1910 2214 fac
1925 2188 2015 2216 eadem
2030 2196 2060 2218 vt
2071 2192 2102 2218 sis
2116 2202 2207 2227 porro.
2243 2199 2262 2222 i.

1593 2258 1598 2262 Ι
1643 2222 1749 2262 Praeter
1769 2223 1937 2258 Opinionem
1952 2225 2057 2261 aliquid
2078 2230 2179 2257 accidet
2203 2231 2261 2258 Cic.

1196 2264 1246 2293 pro
1260 2257 1346 2284 Plane.
1362 2266 1396 2290 ις.
1535 2258 1575 2298 Id.
1591 2266 1618 2284 m
1632 2258 1718 2284 Pison.
1735 2260 1772 2292 46
1810 2260 1846 2286 Vt
1865 2261 2023 2289 amitteretis
2037 2265 2183 2293 exercitum
2196 2276 2263 2294 nun-

1198 2302 1279 2328 quam
1293 2293 1446 2321 mehercule
1459 2300 1567 2329 optatu:
1604 2292 1673 2320 illud
1685 2301 1710 2321 et
1723 2294 1777 2321 iam
1791 2295 1888 2323 accidit
1902 2304 2005 2332 praeter
2019 2300 2146 2334 Optatum
2160 2312 2248 2330 meum

1197 2329 1241 2358 sed
1255 2329 1333 2356 valde
1345 2338 1378 2356 ex
1392 2330 1538 2357 voluntate.
1630 2330 1740 2357 Praeter
1751 2331 1913 2359 Sententiam
1926 2335 2017 2361 omnia
2030 2338 2158 2364 eueniunt
2175 2322 2262 2366 Plaut:

1195 2367 1279 2392 Merc.
1293 2375 1322 2400 4,
1345 2375 1368 2398 7,
1384 2374 1428 2393 20.
1534 2367 1640 2393 Praeter
1661 2366 1775 2394 Solitum
1803 2367 1885 2395 laetus
1922 2370 2019 2405 Virgil.
2037 2372 2135 2408 Georg.
2151 2382 2180 2407 1,
2202 2385 2260 2409 412..

1583 2438 1587 2442 .
1697 2440 1701 2444 -
2026 2407 2262 2443 Terent.Andr.z‚

1196 2439 1222 2470 6,
1237 2444 1251 2471 ς
1288 2438 1396 2464 Praeter
1415 2439 1489 2476 spem
1509 2444 1618 2470 euenit,
1638 2439 1736 2466 sentio:
1773 2439 1825 2467 hoc
1837 2440 1907 2468 male
1921 2441 2002 2469 habet
2017 2444 2078 2470 viru
2111 2466 2117 2472 .
2155 2447 2208 2473 vid.
2230 2449 2261 2474 P.

1197 2474 1276 2515 Faber
1290 2472 1400 2515 Semeslr.
1414 2483 1441 2508 2,
1458 2480 1495 2516 18..
1534 2475 1592 2515 add.
1607 2474 1722 2508 Ge11.1,-‚
1736 2484 1768 2502 ιι.
1874 2477 1980 2505 Praeter
1994 2479 2070 2513 Spem
2082 2455 2106 2507 liF
2116 2482 2182 2517 quid
2199 2483 2262 2517 erit,

1194 2510 1277 2536 factes
1297 2517 1326 2537 vt
1345 2511 1426 2538 seiam
1464 2512 1521 2538 Cic.
1538 2512 1617 2538 Atttc.
1633 2518 1667 2544 ις,
1686 2520 1722 2544 13.
1831 2513 1938 2541 Praeter
1950 2514 2028 2549 Spem
2046 2516 2150 2552 aliquid
2170 2518 2261 2546 diee're

1196 2545 1236 2572 Id.
1250 2546 1322 2573 Fam.
1331 2554 1360 2579 4,
1375 2556 1403 2581 4.
1603 2543 1624 2584 ff
1645 2556 1656 2579 3
1693 2547 1739 2575 Ad
1756 2549 1834 2575 locum
1847 2549 1970 2586 refertur,
1995 2559 2019 2577 et
2037 2552 2102 2579 idem
2115 2555 2176 2590 fere
2196 2554 2262 2591 quod

1146 2581 1179 2614 65
1195 2582 1260 2608 Prae
1273 2583 1314 2608 vel
1326 2583 1395 2610 Ante
1400 2580 1543 2619 fignficat,
1564 2585 1592 2608 in
1605 2581 1678 2616 istis:
1715 2584 1769 2611 Via
1782 2594 1850 2618 vna,
1871 2592 1897 2612 et
1911 2586 1967 2621 ipsa
1984 2594 2088 2628 praeter
2101 2589 2188 2616 hostes
2203 2597 2260 2618 erat

1192 2617 1253 2644 Liu.
1264 2626 1302 2659 ro,
1314 2625 1351 2651 35.
1459 2619 1515 2645 Cic.
1530 2619 1609 2659 Verr.
1627 2629 1649 2652 3,
1663 2622 1692 2648 61
1706 2629 1727 2647 c.
1736 2628 1764 2654 25
1801 2622 1877 2648 Serui
1891 2630 1980 2649 autem
1994 2631 2060 2657 ειυς,
2074 2627 2121 2660 qui
2133 2633 2158 2652 et
2175 2627 2258 2654 mori-

1193 2653 1242 2680 bus
1263 2653 1361 2691 iisdem
1384 2655 1606 2695 effent,uqu1b11s
1627 2655 1770 2690 dominus,
1795 2664 1822 2684 et
1840 2658 1934 2685 eodem
1954 2668 2049 2693 genere
2067 2669 2096 2687 ac
2114 2662 2174 2689 loco
2193 2663 2260 2695 nati,

1194 2696 1299 2725 praeter
1319 2690 1413 2717 oculos
1429 2691 1505 2717 Lolu
1525 2690 1589 2718 haec
1601 2693 1694 2719 omnia
1708 2693 1840 2721 ferebant.
1958 2695 2065 2723 Praeter
2082 2698 2174 2725 oculos
2194 2705 2259 2727 cunt

1193 2727 1282 2754 Senec.
1296 2726 1328 2753 de
1337 2727 1380 2754 Ira
1393 2736 1415 2759 2,
1429 2732 1452 2757 8.
1572 2728 1679 2756 Praeter
1697 2739 1745 2756 ora
1782 2729 1874 2756 Tacit.
1887 2729 2019 2762 Histona,
2032 2740 2070 2763 30.
2182 2736 2258 2762 Prae.

2209 2781 2217 2797 ι
2243 2786 2254 2790 -

1191 2805 1246 2826 ton.
1261 2800 1377 2834 Caligul.
1391 2802 1454 2832 036
1497 2801 1570 2834 Qtas
1591 2801 1749 2836 plerumque
1772 2810 1831 2827 cum
1854 2802 1974 2836 maritis,
1999 2809 2158 2840 praeterque
2177 2771 2256 2841 psedgs

1189 2837 1250 2863 suos
1261 2837 1426 2863 transeuntes
1445 2836 1635 2863 considerabat.
1744 2837 1885 2870 Lucret.4‚
1900 2846 1948 2871 142
1984 2840 2124 2867 Montibus
2143 2844 2245 2871 anteire

1188 2879 1215 2899 et
1224 2871 1312 2899 Solem
1326 2871 1464 2898 succedere
1477 2877 1592 2905 praeter,
1605 2875 1622 2898 i.
1632 2873 1699 2898 Ante
1707 2871 1796 2906 solem,
1816 2874 1856 2899 vel
1868 2883 1879 2899 e
1892 2877 1991 2910 regione
1999 2875 2072 2911 solis.
2193 2877 2214 2918 ff
2235 2862 2256 2913 4³

1187 2908 1324 2944 Obseruari
1343 2906 1391 2939 ista
1409 2913 1549 2933 merentur:
1585 2907 1727 2942 Qudquid
1746 2909 1865 2936 nascatur
1884 2909 1912 2936 in
1929 2916 2039 2938 naturae
2054 2918 2127 2947 parte
2139 2914 2207 2947 vlla,
2227 2921 2255 2943 et

944 2943 1014 2980 conf.
1029 2943 1124 2970 Annal.
1141 2949 1175 2977 75
1188 2944 1218 2970 in
1238 2943 1308 2969 mari
1322 2943 1385 2973 esse3
1422 2947 1581 2977 praeterque
1599 2943 1694 2976 multa,
1707 2953 1775 2978 qnae
1789 2954 1919 2980 nusquam
1932 2946 2000 2974 alibi
2022 2948 2088 2975 Plin.
2097 2958 2125 2989 9,
2138 2958 2162 2990 ².¹
2177 2958 2254 2986 prae-

1185 2985 1253 3020 terea
1265 2985 1288 3004 et
1300 2981 1338 3004 ita
1346 2977 1445 3013 paffim.
1482 2987 1508 3004 v.
1521 2988 1547 3014 g.
1567 2983 1589 3009 8,
1603 2987 1639 3012 42.
1657 2980 1777 3016 adfinem
1813 2981 1889 3016 Equo
1911 2982 1969 3009 fere
1988 2985 2035 3019 qui
2050 2984 2156 3011 honuni
2179 2995 2251 3014 mor-

1189 3014 1235 3047 bi,
1256 3019 1413 3049 praeterque
1427 3013 1528 3041 vesicae
1546 3014 1695 3042 conuerfio.
1804 3017 1844 3044 Id.
1861 3025 1894 3051 Π,
1908 3029 1926 3051 4
1940 3026 2004 3046 extr.
2042 3020 2148 3047 Habent
2161 3028 2252 3050 autem

1189 3050 1297 3091 oculos,
1316 3056 1474 3085 praeterque
1487 3059 1503 3076 e
1520 3050 1637 3077 sensibus
1652 3051 1750 3079 tafnim
1766 3058 1845 3088 atque
1861 3054 1999 3088 gustatum.
2074 3056 2131 3082 Nec
2146 3065 2252 3092 praeter

1187 3086 1260 3122 quod
1275 3095 1304 3112 m
1319 3086 1416 3119 bullis,
1434 3086 1566 3121 cingulis,
1585 3094 1664 3121 atque
1678 3088 1781 3115 annulis
1797 3095 1868 3121 erat,
1889 3089 2034 3124 quidquam
2049 3090 2098 3118 fibi
2114 3094 2174 3120 auri
2188 3095 2252 3122 reli—

1577 3124 1625 3150 Sed
1643 3124 1684 3150 hic
1709 3128 1784 3151 ettam
1796 3125 1933 3161 subaudiri
1947 3125 2028 3160 potest
2049 3127 2174 3161 omrſjum,
2209 3131 2248 3158 id,

1187 3159 1314 3194 Calpurn.
1330 3159 1420 3191 Ecl.4,
1435 3166 1469 3193 27
1506 3160 1585 3185 Certe
1605 3168 1665 3187 mea
1678 3161 1795 3187 carmina
1815 3169 1894 3186 nemo
1908 3161 2013 3188 Praeter
2028 3162 2061 3189 ab
2076 3163 2117 3190 his
2136 3165 2250 3201 scopulis

1186 3196 1292 3223 vertosa
1306 3200 1486 3222 remurmurat
1499 3194 1588 3228 Echo,
1605 3198 1624 3222 i.
1638 3204 1832 3232 praeterquam.
1870 3197 1924 3223 vid.
1940 3197 2046 3225 Gronou.
2062 3199 2098 3225 ad
2110 3201 2179 3227 Gell.
2190 3210 2210 3236 ι,
2220 3211 2248 3235 ²3

1187 3232 1267 3259 Pueri
1281 3231 1309 3258 in
1323 3232 1425 3259 curiam
1437 3240 1470 3257 nc
1483 3231 1627 3264 introeant,
1645 3238 1748 3267 praeter
1760 3240 1826 3258 vnus
1842 3232 1969 3267 Papirius.
2060 3235 2249 3270 Columel.3,2

1185 3268 1281 3296 Omnis
1294 3267 1460 3294 incommodi
1473 3268 1601 3302 patientes
1615 3274 1719 3302 praeter
1731 3267 1835 3294 caloris.
1949 3269 2007 3296 Cic.
2015 3271 2140 3305 QFratr.
2151 3281 2185 3305 1‚1
2205 3275 2250 3301 At-

974 3303 1040 3330 Plin.
1056 3311 1088 3336 1¹,
1102 3310 1127 3336 ις
1141 3303 1171 3334 83
1188 3306 1237 3340 qui
1258 3304 1338 3330 etiam
1353 3313 1368 3330 e
1383 3304 1492 3344 Graecis
1512 3304 1572 3339 ipsis
1588 3303 1731 3338 diligenter
1743 3302 1877 3330 cauendae
1892 3304 1950 3331 sunt
1963 3308 2091 3340 quaedam
2105 3307 2248 3337 familiari·—

1188 3347 1264 3372 tates,
1286 3346 1391 3375 praeter
1405 3339 1546 3367 hominum
1561 3347 1763 3374 perpaucorum,
1777 3339 1794 3366 si
1807 3340 1854 3375 qui
1868 3341 1927 3367 sunt
1940 3343 2150 3370 vetereGraecia
2164 3344 2249 3380 digni.

1186 3378 1295 3404 Sueton.
1311 3376 1417 3403 Neron.
1438 3385 1460 3403 c.
1475 3378 1507 3409 56
1543 3375 1714 3408 Religionum
1734 3384 1926 3411 vsquequaque
1946 3384 2111 3412 contemtor,
2144 3388 2249 3415 praeter

1186 3413 1266 3441 vnius
1281 3413 1352 3439 Deae
1366 3412 1465 3445 Syriae.
1572 3412 1649 3438 Varr.
1664 3411 1736 3438 KR.
1749 3420 1767 3443 1,
1786 3420 1817 3445 4¹
1853 3412 1942 3439 Grana
1960 3413 1993 3442 de
2008 3414 2059 3441 fico
2072 3416 2182 3452 expedit
2198 3417 2247 3445 ob-

1186 3457 1265 3477 ruere
1279 3454 1383 3483 praeter
1404 3448 1421 3475 st
1439 3448 1518 3475 aliter
1529 3456 1652 3481 nequeas.
1688 3447 1754 3473 Add.
1772 3447 1873 3474 Sallust.
1883 3449 1960 3475 Catil.
1973 3458 1995 3476 c.
2002 3452 2042 3482 36.
2141 3453 2248 3481 Praeter

1369 3484 1440 3511 Gell.
1454 3493 1491 3517 19,
1506 3492 1533 3508 ιο
1559 3492 1588 3508 ex
1601 3482 1681 3509 Ennii
1700 3482 1854 3518 Iphigenia,
1878 3493 1938 3520 quos
1950 3491 2078 3521 ponemus,
2091 3493 2121 3515 vt
2135 3488 2199 3525 fiant
2214 3499 2247 3517 ex

1181 3520 1328 3549 comeam
1341 3520 1462 3548 emendati
1474 3528 1489 3544 a
1508 3517 1573 3551 Voff.
1587 3518 1620 3545 ad
1634 3519 1775 3555 Fragment.
1787 3520 1922 3556 Tragicor.
1932 3527 2011 3557 p.34.

1260 3558 1328 3584 otio
1348 3558 1397 3592 qui
1417 3554 1499 3581 nescit
1522 3554 1573 3586 vti,
1597 3554 1654 3589 plus
1672 3555 1773 3590 negotii
1797 3555 1887 3589 habet,

1259 3593 1320 3620 Otii
1338 3592 1435 3623 mium,
1455 3598 1536 3625 quam
1553 3599 1636 3625 quum
1658 3591 1694 3617 est
1713 3592 1852 3625 negotium
1872 3593 1901 3618 in
1921 3593 2041 3628 negotio.

1258 3628 1332 3656 Nam
1351 3629 1394 3654 cui
1413 3626 1485 3661 quod
1503 3632 1562 3660 agat
1583 3626 1734 3654 institutum
1755 3627 1800 3658 est,
1821 3629 1843 3654 is
1863 3628 1938 3655 nullo
1957 3629 2070 3664 negotio

1258 3665 1291 3691 Id
1311 3664 1380 3698 agit:
1399 3659 1483 3689 studet
1502 3661 1553 3694 ibi,
1571 3667 1745 3697 mentemque
1763 3669 1842 3698 atque
1863 3664 1983 3692 animum
2006 3665 2118 3693 delectat
2137 3667 2220 3694 situm

1258 3700 1355 3728 Otioso
1374 3699 1402 3725 in
1420 3699 1479 3724 otio
1500 3698 1604 3724 animus
1622 3698 1716 3731 nescit,
1736 3699 1801 3734 quid
1820 3699 1928 3734 quidem
1947 3701 2022 3729 velit.

1256 3737 1318 3763 Hoc
1341 3735 1379 3761 ita
1397 3733 1444 3766 est,
1465 3742 1552 3770 neque
1570 3742 1640 3760 nunc
1660 3734 1736 3761 domi
1756 3744 1813 3766 nos,
1836 3744 1884 3762 nec
1904 3736 2019 3764 militiae
2037 3738 2136 3770 finnus,

1258 3774 1330 3799 Imus
1346 3770 1406 3802 huc,
1427 3769 1488 3796 hinc
1505 3769 1585 3809 illuc:
1622 3778 1706 3804 quum
1720 3770 1904 3805 illucventum
1921 3773 1969 3806 est,
1988 3773 2028 3801 ire
2039 3774 2112 3800 illinc
2123 3771 2206 3804 lubet,

1256 3809 1360 3834 Incesta
1377 3812 1448 3833 errat
1468 3813 1587 3836 animus,
1613 3812 1717 3840 praeter
1733 3812 1843 3841 propter
1861 3808 1943 3835 vitam
1961 3809 2073 3836 viuitur.

436 3846 548 3879 Denique
561 3846 635 3869 etiam
645 3842 791 3878 simpliciter
801 3853 891 3882 negare
908 3850 932 3870 et
944 3842 1072 3870 excludere
1085 3845 1124 3868 vi·
1130 3853 1178 3873 100
1185 3843 1334 3871 Laudanda
1347 3843 1423 3868 Ennii
1441 3840 1548 3874 unfihm
1560 3841 1704 3876 occasionem
1722 3841 1823 3868 dederat
1830 3842 1957 3878 formula,
1971 3852 2020 3880 qua
2033 3847 2088 3880 quis
2102 3842 2160 3878 vfits
2176 3847 2239 3869 erat.

1187 3881 1219 3906 Et
1232 3884 1336 3914 praeter
1348 3883 1458 3912 propter
1469 3877 1522 3903 alia
1538 3876 1730 3912 quinquaginta
1748 3876 1876 3910 sestertia,
1904 3883 1922 3908 i.
1938 3884 2054 3911 circiter,
2069 3879 2127 3912 plus
2147 3880 2238 3904 minus.

1183 3915 1232 3943 Sed
1250 3916 1360 3941 Enniani
1377 3911 1444 3939 ai&
1461 3912 1521 3939 haec
1530 3913 1658 3949 sementia
1676 3912 1785 3945 videtur,
1803 3923 1876 3950 quam
1893 3916 2031 3943 declarauit
2041 3917 2114 3940 etiam
2135 3913 2238 3949 Salmas

1184 3951 1218 3977 ad
1231 3950 1315 3977 Sosin.
1328 3958 1349 3975 c.
1358 3957 1394 3983 42
1407 3950 1496 3983 p.617‚
1510 3947 1536 3974 b.
1648 3950 1748 3976 Temere
1766 3958 1833 3976 nunc
1853 3958 1962 3985 propter
1974 3950 2056 3976 vitam
2075 3955 2099 3974 et
2109 3955 2189 3984 prope
2208 3951 2237 3974 il-

1183 3988 1234 4013 lius
1249 3986 1360 4021 scopum,
1380 3993 1445 4010 nunc
1466 3990 1570 4018 praeter
1584 3993 1651 4016 eam,
1674 3993 1723 4011 non
1737 3985 1823 4013 habita
1834 3990 1932 4013 ratione
1934 3986 2001 4021 finis
2013 3983 2098 4016 illius,
2123 3984 2236 4010 viuitur.

379 4024 418 4053 ld.
429 4025 510 4053 Attic.
523 4031 552 4060 7,
569 4031 583 4057 3
620 4021 678 4056 Qui
696 4028 788 4048 omnes
804 4029 907 4057 praeter
920 4031 998 4056 eum,
1022 4021 1056 4049 de
1069 4028 1176 4057 qu0103
1185 4023 1400 4058 Praeter-propter
1412 4026 1441 4046 vt
1452 4021 1505 4047 alia
1518 4019 1635 4047 eiusmodi
1648 4018 1777 4047 deornm
1790 4019 1878 4050 iuncta
1889 4022 1947 4056 plus
1961 4019 2060 4050 minus,
2078 4018 2146 4046 vltra
2161 4019 2237 4051 citra,

2155 4055 2239 4080 serius

1381 4056 1492 4084 61³2
